1980 3290
385 292 474 340 230
542 294 956 343 MONUMENTA
988 296 1336 345 HISTORICA
1371 297 1635 346 OELTICA

385 422 620 477 ἐπανάγων,
662 424 989 480 συνδραμόντων
1029 426 1093 467 ἐπ’
1144 426 1273 469 αὐτὸν
1313 429 1396 468 τῶν
1446 426 1724 483 Καρπησίων,
1775 427 1796 469 ὃ

386 501 543 555 σχεδὸν
583 502 868 558 ἰσχυρότατόν
909 504 1025 546 ἐστιν
1065 504 1180 549 ἔθνος
1230 507 1313 546 τῶν
1353 504 1445 546 κατ’
1486 505 1666 550 ἐκείνους
1700 505 1797 550 τοὺς

386 577 553 626 τόπους,
577 578 726 634 ὁμοίως
757 581 801 622 δὲ
831 582 902 623 καὶ
933 584 1016 623 τῶν
1037 582 1348 636 ἀστυγειτόνων
1377 582 1689 638 ἀθροισθέντων
1711 583 1798 637 ἅμα

387 655 560 705 τούτοις,
586 659 654 703 οὓς
676 659 878 715 ἠρέθισαν
898 661 1091 713 μάλιστα
1111 660 1186 714 μὲν
1201 661 1240 703 οἱ
1260 660 1584 703 τῶνὈλκάδων
1598 661 1794 717 φυγάδες,

1084 742 1100 751 n

388 735 704 789 συνεξέκαυσαν
726 737 769 779 δὲ
791 737 861 779 καὶ
884 740 966 780 τῶν
983 738 1029 779 ἐκ
1051 756 1123 790 της
1145 738 1429 791 Ἑλμαντικῆς
1451 738 1490 780 οἱ
1511 737 1797 783 διασωθέντες.

1494 807 1559 849 (iii.
1581 808 1651 849 14.)

475 903 686 944 XXXIII.
720 904 922 956 Ἀννίβας
945 904 987 946 δὲ
1008 905 1151 947 πάντα
1172 904 1420 960 προνοηθεὶς
1441 905 1537 961 περὶ
1566 908 1638 956 τῆς
1659 904 1798 959 ἀσφα-

386 978 503 1024 λείας
525 984 608 1022 τῶν
630 999 674 1023 τε
696 982 806 1024 κατὰ
837 982 1007 1035 Λιβύην
1037 984 1301 1039 πραγμάτων
1332 983 1402 1025 καὶ
1435 986 1518 1025 τῶν
1549 983 1590 1025 ἐν
1611 981 1795 1039 Ἰβηρίᾳ,

388 1056 543 1099 λοιπὸν
564 1059 810 1114 ἐκαραδόκει
842 1061 912 1102 καὶ
941 1060 1227 1117 προσεδέχετο
1250 1061 1346 1106 τοὺς
1376 1060 1494 1116 παρὰ
1517 1063 1601 1102 τῶν
1624 1062 1801 1101 Κελτῶν

388 1135 493 1191 πρὸς
514 1136 642 1179 αὐτὸν
663 1138 1074 1193 ἀποστελλομένους·
1117 1142 1266 1194 σαφῶς
1296 1139 1378 1195 γὰρ
1409 1140 1603 1192 ἐξητάκει
1633 1137 1702 1180 καὶ
1726 1136 1802 1190 τὴν

389 1213 542 1269 ἀρετὴν
573 1218 645 1267 τῆς
676 1216 758 1258 ὑπὸ
791 1216 865 1262 τὰς
895 1218 1077 1262 ’Άλπεις
1108 1218 1178 1259 καὶ
1209 1219 1305 1274 περὶ
1337 1218 1410 1259 τὸν
1441 1217 1589 1259 Πάδον
1610 1215 1803 1270 ποταμὸν

388 1291 532 1347 χώρας
562 1294 632 1336 καὶ
664 1294 711 1335 τὸ
742 1296 909 1347 πλῆθος
939 1298 1022 1337 τῶν
1053 1295 1362 1338 κατοικούντων
1393 1295 1538 1348 αὐτήν,
1570 1295 1631 1336 ἔτι
1663 1294 1706 1336 δὲ
1727 1293 1803 1347 τὴν

389 1369 494 1425 πρὸς
526 1370 621 1416 τοὺς
652 1372 866 1427 πολέμους
898 1376 981 1415 τῶν
1014 1374 1176 1430 ἀνδρῶν
1207 1373 1383 1428 τόλμαν,
1417 1374 1486 1415 καὶ
1519 1372 1566 1415 τὸ
1587 1373 1801 1427 μέγιστον,

390 1448 466 1501 τὴν
516 1450 801 1506 ὑπάρχουσαν
834 1451 1079 1505 δυσμένειαν
1119 1454 1258 1497 αὐτοῖς
1298 1453 1344 1493 ἐκ
1384 1455 1458 1494 τοῦ
1498 1450 1803 1507 προγεγονότος

389 1527 580 1581 πολέμου
606 1528 711 1584 πρὸς
731 1528 971 1583 Ῥωμαίους,
996 1530 1100 1586 ὑπὲρ
1132 1531 1179 1572 οὗ
1201 1530 1428 1584 διήλθομεν
1449 1532 1562 1584 ἡμεῖς
1583 1531 1625 1572 ἐν
1647 1533 1698 1584 τῇ
1719 1528 1802 1584 πρὸ

391 1604 544 1657 ταύτης
563 1606 724 1662 βύβλῳ
747 1608 875 1663 χάριν
897 1611 971 1650 τοῦ
993 1607 1383 1664 συμπεριφέρεσθαι
1405 1608 1501 1653 τοὺς
1523 1608 1800 1664 ἐντυγχάνον-

390 1701 465 1729 τας
486 1688 572 1729 τοῖς
593 1689 665 1727 νῦν
684 1685 895 1739 μέλλουσι
916 1686 1150 1741 λέγεσθαι.1
1211 1686 1356 1739 διόπερ
1387 1688 1527 1742 εἴχετο
1555 1685 1709 1737 ταύτης
1730 1688 1803 1737 τῆς

390 1762 574 1811 ἐλπίδος,
598 1764 668 1806 καὶ
703 1768 788 1807 πᾶν
821 1765 1074 1821 ὑπισχνεῖτο
1106 1764 1441 1819 διαπεμπόμενος
1471 1765 1679 1818 ἐπιμελῶς
1700 1763 1805 1819 πρὸς

389 1840 484 1885 τοὺς
517 1841 727 1888 δυνάστας
762 1846 845 1885 τῶν
874 1847 1050 1886 Κελτῶν
1080 1844 1151 1886 καὶ
1182 1844 1276 1887 τοὺς
1307 1844 1376 1885 ἐπὶ
1407 1843 1506 1885 τάδε
1536 1843 1606 1884 καὶ
1638 1842 1732 1887 τοὺς
1763 1842 1805 1883 ἐν

389 1921 535 1964 αὐταῖς
566 1924 655 1965 ταῖς
681 1922 896 1965 ’Άλπεσιν
926 1924 1199 1970 ἐνοικοῦντας,
1230 1921 1365 1976 μόνως
1397 1923 1448 1964 ἂν
1483 1921 1804 1975 ὑπολαμβάνων

388 1997 430 2039 ἐν
470 1997 637 2056 Ἰταλίᾳ
676 2001 979 2053 συστήσασθαι
1021 2001 1092 2043 τὸν
1128 2000 1233 2057 πρὸς
1267 1998 1496 2054 Ῥωμαίους
1535 1998 1735 2052 πόλεμον,
1767 1997 1802 2040 εἰ

390 2075 584 2128 δυνηθείη
635 2077 898 2134 διαπεράσας
948 2079 1022 2124 τὰς
1072 2079 1156 2135 πρὸ
1207 2083 1280 2121 τοῦ
1330 2077 1572 2134 δυσχωρίας
1615 2077 1669 2122 εἰς
1710 2076 1804 2121 τοὺς

389 2154 713 2210 προειρημένους
747 2157 980 2212 ἀφικέσθαι
1022 2157 1177 2202 τόπους
1218 2158 1288 2199 καὶ
1328 2160 1543 2212 συνεργοῖς
1584 2156 1654 2197 καὶ
1694 2173 1798 2208 συμ-

387 2233 543 2288 μάχοις
577 2234 828 2290 χρήσασθαι
864 2238 1043 2281 Κελτοῖς
1075 2236 1130 2280 εἰς
1163 2235 1238 2288 τὴν
1272 2234 1546 2291 προκειμένην
1577 2232 1801 2285 ἐπιβολήν.

390 2311 654 2367 ἀφικομένων
672 2312 714 2354 δὲ
736 2316 818 2356 τῶν
834 2313 1041 2368 ἀγγέλων,
1058 2315 1128 2357 καὶ
1145 2314 1220 2367 τήν
1236 2332 1280 2356 τε
1296 2316 1379 2356 τῶν
1396 2315 1574 2355 Κελτῶν
1589 2311 1804 2364 βούλησιν

390 2395 461 2436 καὶ
483 2395 744 2450 προσδοκίαν
766 2397 1134 2451 ἀπαγγειλάντων,
1168 2396 1243 2449 τήν
1270 2414 1314 2438 τε
1336 2398 1419 2438 τῶν
1439 2396 1675 2438 Ἀλπεινῶν
1697 2394 1804 2450 ὁρῶν

390 2473 638 2529 ὑπερβολὴν
668 2474 871 2517 ἐπίπονον
890 2475 966 2529 μὲν
988 2475 1058 2517 καὶ
1085 2475 1271 2531 δυσχερῆ
1291 2473 1403 2522 λίαν,
1427 2475 1474 2516 οὐ
1493 2473 1576 2527 μὴν
1596 2471 1803 2515 ἀδύνατον

391 2551 495 2594 εἶναι
516 2552 781 2607 φασκόντων,
806 2558 962 2608 συνῆγε
982 2554 1057 2598 τὰς
1079 2553 1273 2606 δυνάμεις
1294 2553 1340 2594 ἐκ
1362 2556 1435 2604 τῆς
1456 2549 1802 2608 παραχειμασίας

391 2629 473 2671 ὑπὸ
494 2630 571 2682 τὴν
593 2630 760 2686 ἐαρινὴν
781 2631 905 2688 ὥραν.
1498 2689 1509 2730 (
1643 2689 1653 2730 )

1512 2692 1562 2725 iii.
1584 2692 1638 2726 34.

854 2790 862 2809 ¹
892 2790 971 2823 Vide
986 2801 1099 2832 supra,
1117 2794 1251 2831 excerpt.
1270 2789 1431 2821 vii—xxix.
