1980 3290
383 257 472 306 286
539 260 950 308 MONUMENTA
984 261 1330 309 HISTORIOA
1367 261 1632 309 CELTICA

468 388 518 430 ‘O
556 388 598 430 δὲ
632 389 808 434 Κόιντος
841 389 1124 445 συναθροίσας
1165 391 1238 435 τὰς
1272 391 1463 444 δυνάμεις
1503 391 1558 436 εἰς
1597 391 1674 444 τὴν
1713 394 1797 434 τῶν

385 465 686 508 Πλακεντίνων
716 466 856 513 πόλιν,
889 468 958 509 καὶ
989 467 1270 521 ποιησάμενος
1301 467 1377 519 τὴν
1411 467 1585 522 πορείαν
1616 468 1682 509 διὰ
1713 471 1796 510 τῶν

384 542 640 585 Ἀπεννίνων
671 543 788 598 ὀρῶν,
822 546 920 597 ἧκεν
951 545 1006 588 εἷς
1037 545 1131 589 τοὺς
1161 544 1400 597 Ὀξυβίους,
1425 545 1795 600 στρατοπεδεύσας

387 619 428 661 δὲ
461 620 578 676 παρὰ
611 620 682 662 τὸν
709 621 916 676 ”Απρωνα
947 621 1141 675 ποταμὸν
1173 622 1393 677 ἀνεδέχετο
1427 622 1521 667 τοὺς
1553 621 1792 676 πολεμίους,

386 697 695 751 πυνθανόμενος
717 699 866 743 αὐτοὺς
897 698 1168 754 ἀθροίζεσθαι
1199 700 1270 741 καὶ
1301 699 1539 754 προθύμους
1560 699 1664 742 εἶναι
1693 699 1798 756 πρὸς

387 775 432 816 τὸ
455 775 788 818 διακινδυνεύειν.
848 777 919 818 καὶ
940 777 1228 831 προσαγαγὼν
1249 776 1325 828 τὴν
1346 776 1552 832 στρατιὰν
1578 776 1597 818 ὁ
1622 776 1797 821 Κόιντος

385 852 489 907 πρὸς
511 853 586 905 τὴν
608 854 823 906 Αἴγιτναν,
848 855 890 896 ἐν
911 853 935 908 ᾗ
956 854 1118 905 συνέβη
1139 854 1233 898 τοὺς
1255 854 1523 910 πρεσβευτὰς
1544 872 1796 910 παρασπον-

385 932 572 983 δηθῆναι,
597 933 671 985 τὴν
692 933 821 975 πόλιν
841 933 951 975 κατὰ
982 935 1133 989 κράτος
1165 934 1272 976 ἑλὼν
1302 933 1702 989 ἐξηνδραποδίσατο,
1727 934 1797 976 καὶ

386 1009 481 1053 τοὺς
502 1010 714 1065 ἀρχηγοὺς
736 1015 809 1063 τῆς
831 1012 992 1066 ὕβρεως
1006 1011 1234 1053 ἀπέστειλε
1249 1010 1442 1064 δεσμίους
1459 1011 1514 1055 εἰς
1531 1011 1606 1064 τὴν
1620 1012 1796 1064 Ῥώμην.

387 1087 457 1128 καὶ
498 1091 632 1128 ταῦτα
673 1087 1009 1143 διαπραξάμενος
1044 1089 1213 1141 ἀπήντα
1253 1092 1337 1133 τοῖς
1377 1088 1606 1141 πολεμίοις.
1685 1089 1724 1130 οἱ
1764 1088 1798 1129 δ’

386 1164 583 1216 Ὀξύβιοι
615 1165 847 1218 νομίζοντες
882 1165 1176 1221 ἀπαραίτητον
1207 1167 1348 1211 αὐτοῖς
1378 1167 1482 1208 εἶναι
1513 1166 1588 1219 τὴν
1618 1166 1674 1210 εἰς
1705 1166 1799 1210 τοὺς

386 1240 656 1295 πρεσβευτὰς
677 1240 900 1297 ἁμαρτίαν,
933 1240 1167 1297 παραλόγῳ
1199 1242 1279 1283 τινὶ
1300 1241 1561 1296 χρησάμενοι
1584 1242 1700 1296 θυμῷ
1728 1241 1798 1282 καὶ

386 1317 596 1367 λαβόντες
618 1317 747 1373 ὁρμὴν
769 1319 1109 1374 παραστατικήν,
1142 1319 1243 1374 πρὶν
1270 1319 1296 1371 ἢ
1318 1319 1411 1363 τοὺς
1433 1318 1637 1370 Δεκιήτας
1659 1320 1800 1362 αὐτοῖς

388 1396 606 1448 συμμῖξαι,
638 1396 733 1451 περὶ
765 1395 1134 1452 τετρακισχιλίους
1167 1395 1458 1450 ἀθροισθέντες
1490 1395 1692 1450 ὥρμησαν
1731 1396 1800 1436 ἐπὶ

388 1472 482 1516 τοὺς
502 1472 741 1526 πολεμίους.
802 1472 822 1514 ὁ
845 1473 887 1514 δὲ
910 1473 1085 1518 Κόιντος
1101 1473 1198 1514 ἰδὼν
1215 1473 1290 1526 τὴν
1312 1472 1460 1528 ἔφοδον
1481 1473 1553 1514 καὶ
1575 1472 1621 1514 τὸ
1644 1472 1801 1528 θράσος

389 1555 471 1594 τῶν
490 1553 730 1607 βαρβάρων
751 1552 827 1604 τὴν
850 1552 925 1606 μὲν
949 1552 1154 1594 ἀπόνοιαν
1179 1554 1317 1594 αὐτῶν
1347 1552 1611 1605 κατεπλάγη,
1637 1552 1802 1605 θεωρῶν

390 1631 431 1671 δὲ
452 1630 596 1684 μηδενὶ
616 1631 733 1685 λόγῳ
765 1631 898 1686 ταύτῃ
927 1631 1167 1686 χρωμένους
1199 1630 1293 1675 τοὺς
1324 1630 1500 1686 ἐχθροὺς
1522 1629 1730 1685 εὐθαρσὴς
1752 1630 1801 1682 ἣν

389 1708 462 1749 ἅτε
496 1708 648 1763 τριβὴν
684 1710 725 1750 ἐν
757 1710 1008 1763 πράγμασιν
1043 1709 1153 1763 ἔχων
1186 1709 1257 1750 καὶ
1289 1710 1339 1762 τῇ
1368 1707 1494 1762 φύσει
1522 1706 1802 1762 διαφερόντως

389 1785 589 1841 ἀγχίνους
613 1786 830 1842 ὑπάρχων.
892 1786 1036 1841 διόπερ
1067 1786 1287 1839 ἐξαγαγὼν
1318 1785 1394 1837 τὴν
1425 1787 1554 1827 αὑτοῦ
1580 1785 1799 1840 στρατιάν,

389 1864 459 1905 καὶ
495 1864 804 1919 παρακαλέσας
835 1863 887 1905 τὰ
918 1864 1136 1918 πρέποντα
1167 1867 1250 1908 τοῖς
1281 1866 1440 1918 καιροῖς
1470 1863 1531 1918 ᾔει
1559 1862 1701 1914 βάδην
1731 1862 1801 1903 ἐπὶ

389 1941 483 1986 τοὺς
505 1941 743 1994 πολεμίους.
804 1943 1072 1997 χρησάμενος
1103 1941 1145 1982 δὲ
1167 1940 1355 1995 συντόνῳ
1376 1941 1608 1996 προσβολῇ
1637 1939 1801 1994 ταχέως

388 2019 553 2070 ἐνίκησε
601 2019 696 2063 τοὺς
748 2018 1113 2072 ἀντιταξαμένους,
1165 2018 1235 2059 καὶ
1294 2017 1483 2061 πολλοὺς
1539 2017 1614 2070 μὲν
1664 2018 1801 2058 αὐτῶν

388 2097 642 2143 ἀπέκτεινεν,
666 2096 760 2140 τοὺς
782 2096 824 2137 δὲ
853 2095 1029 2140 λοιποὺς
1060 2097 1277 2148 ἠνάγκασε
1307 2098 1455 2150 φυγεῖν
1485 2093 1799 2149 προτροπάδην.

388 2175 427 2216 οἱ
466 2174 508 2215 δὲ
555 2176 754 2225 Δεκιῆται
794 2172 1060 2228 ἠθροισμένοι
1099 2176 1300 2227 παρῆσαν
1341 2174 1394 2216 ὡς
1435 2171 1677 2224 μεθέξοντες
1716 2174 1801 2214 τοῖς

388 2252 606 2304 Ὀξυβίοις
628 2254 711 2293 τῶν
732 2253 870 2292 αὐτῶν
901 2250 1111 2292 κινδύνων·
1155 2249 1461 2304 ὑστερήσαντες
1493 2248 1534 2289 δὲ
1566 2252 1638 2300 τῆς
1658 2248 1799 2302 μάχης
