1980 3290
387 281 474 330 268
544 281 954 330 MONUMENTA
981 249 1336 329 ‘HISTORICA
1372 279 1636 329 CELTICA

474 417 563 456 LX.
604 418 668 458 Οὐ
708 417 789 472 Γγὰρ
829 421 920 460 ταῖς
959 417 1124 472 ἀρεταῖς
1175 416 1386 468 ἡττῆσθαι
1435 414 1662 468 Ῥωμαίους
1712 412 1794 454 ὑπὸ

386 492 690 547 Καρχηδονίων
720 493 931 540 οὐδέποτε,
965 497 1015 548 τῇ
1047 493 1089 535 δὲ
1120 493 1330 550 προδοσία
1351 494 1402 546 τῇ
1425 491 1704 546 Κελτιβήρων
1724 491 1795 532 καὶ

385 572 434 623 τῇ
456 570 697 628 προπετείᾳ,
731 571 1083 613 διακλεισθὲντων
1114 574 1196 612 τῶν
1226 572 1477 625 στρατηγῶν
1498 569 1569 610 ἀπ’
1592 568 1796 620 ἀλλήλων

385 646 451 687 διὰ
473 647 521 688 τὸ
543 652 772 691 πιστεῦσαι
794 652 843 703 τῇ
866 649 1093 706 συμμαχίᾳ
1113 651 1196 690 τῶν
1217 647 1448 704 εἰρημένων.

1538 708 1582 747 (x.
1604 704 1649 746 G.)

473 810 586 850 LXL
621 810 703 851 Διὰ
723 811 805 866 ’γὰρ
828 812 902 864 τὴν
923 811 1202 867 πολυχειρίαν
1225 811 1296 851 καὶ
1318 811 1392 862 τὴν
1412 809 1569 861 λοιπὴν
1588 808 1796 864 χορηνγίαν

383 886 551 939 με’γάλα
572 888 798 940 συμβαίνει
830 889 881 930 τὰ
914 889 1105 939 συβόσια
1137 889 1246 929 κατὰ
1273 889 1347 940 τὴν
1365 886 1554 928 Ἰταλίαν
1576 886 1795 941 ὑπάρχειν,

385 964 454 1005 καὶ
485 964 679 1017 μάλιστα
710 965 785 1017 τὴν
817 966 1048 1021 παραλίαν,
1084 967 1202 1021 παρά
1235 985 1279 1007 τε
1311 969 1395 1009 τοῖς
1426 966 1694 1019 Τυρρηνικοῖς
1726 963 1796 1004 καὶ

386 1028 612 1086 Γαλάταις.

1509 1102 1583 1142 (xii.
1603 1101 1650 1142 4.)

472 1205 609 1245 LXII.
645 1207 710 1247 Οὐ
749 1206 878 1262 μικρὰ
914 1206 956 1248 δὲ
996 1208 1065 1248 καὶ
1107 1207 1201 1251 τοὺς
1248 1205 1563 1262 Καρχηδονίους
1612 1204 1798 1256 ἐλπίζειν

385 1282 712 1336 παρεσκεύασαν
742 1285 782 1325 οἱ
813 1284 1088 1339 Κελτίβηρες·
1130 1285 1221 1326 ἀντὶ
1251 1285 1326 1337 μὲν
1354 1283 1435 1338 ’γὰρ
1467 1286 1549 1324 τῶν
1577 1299 1795 1337 τετρακισ-

384 1358 538 1414 χιλίων
576 1360 746 1415 μυρίους
786 1362 936 1405 αὑτοὺς
976 1363 1253 1415 ἀπήγγελλον
1294 1362 1409 1408 εἶναι,
1462 1360 1570 1401 κατὰ
1621 1359 1662 1401 δὲ
1703 1359 1798 1401 τοὺς

386 1435 596 1481 κινδύνους
626 1438 948 1482 ἀνυποστάτους
980 1439 1188 1494 ὑπάρχειν
1219 1440 1288 1480 καὶ
1320 1442 1410 1481 ταῖς
1432 1441 1598 1493 ψυχαῖς
1620 1436 1798 1479 καὶτοῖς

385 1514 711 1568 καθοπλισμοῖς.
746 1549 752 1557 .
789 1549 796 1557 .
831 1549 838 1557 .

461 1591 544 1634 φΩν
584 1593 929 1649 διασαφηθέντων
967 1595 1022 1638 εἰς
1063 1595 1108 1636 τὸ
1149 1598 1231 1636 τῶν
1263 1594 1476 1647 Ῥωμαίων
1511 1591 1799 1648 στρατόπεδον

385 1670 534 1714 εὐθέως
565 1670 585 1712 ὁ
618 1672 813 1716 Πόπλιος
844 1673 1000 1726 ε”γίνετο
1031 1674 1126 1727 περὶ
1158 1674 1232 1725 τὴν
1254 1672 1406 1725 ἔξοδον,
1442 1705 1449 1713 .
1484 1704 1491 1712 .
1527 1703 1534 1711 .
1568 1671 1654 1724 ἅμα
1676 1669 1717 1710 δὲ
1739 1672 1797 1725 τῷ

384 1748 583 1800 Γγενέσθαι
615 1750 690 1802 τὴν
723 1751 895 1805 πρώτην
927 1750 1077 1805 ἔφοδον
1108 1751 1257 1794 εὐθέως
1290 1751 1328 1792 οἱ
1362 1749 1554 1803 Νομάδες
1586 1748 1798 1789 ἐνέκλιναν

385 1826 479 1870 τοὺς
510 1827 746 1872 Ἰταλικοὺς
779 1829 934 1874 ἱππεῖς,
970 1829 1014 1869 οἵ
1047 1846 1091 1869 τε
1132 1827 1416 1884 Καρχηδόνιοι
1456 1827 1550 1870 τοὺς
1590 1825 1684 1880 περὶ
1726 1824 1798 1866 τὸν

385 1906 734 1957 λ’Ῑασσανάσσην,
758 1906 831 1947 ἅτε
853 1906 1078 1950 πλεονάκις
1095 1906 1169 1958 ἤδη
1184 1905 1489 1961 προηττημένοι
1511 1908 1601 1948 ταῖς
1615 1906 1794 1958 ψυχαῖς.

386 1984 425 2024 οἱ
483 1983 524 2024 δὲ
584 1983 848 2039 Κελτίβηρες
907 1984 1117 2039 ἐμάχοντο
1167 1984 1375 2037 Γγενναίως,
1429 1982 1662 2025 συστάντες
1711 1984 1796 2024 τοῖς

384 2061 613 2114 Ῥωμαίοις.
674 2062 768 2103 οὔτε
797 2062 879 2116 Γγὰρ
911 2062 1131 2116 φεύγοντες
1162 2061 1318 2103 ἐλπίδα
1348 2060 1558 2116 σωτηρίας
1583 2059 1698 2114 εἶχον
1729 2058 1793 2099 διὰ

383 2139 458 2191 τὴν
497 2139 693 2194 ἀπειρίαν
732 2143 815 2180 τῶν
863 2139 1006 2180 τόπων
1054 2140 1148 2181 οὔτε
1200 2139 1354 2196 ζωγρίᾳ
1403 2137 1679 2194 κρατηθέντες
1729 2135 1794 2177 διὰ

384 2217 459 2269 τὴν
507 2217 684 2258 ἀθεσίαν
734 2218 809 2269 τὴν
859 2218 914 2262 εἰς
955 2217 1026 2259 τὸν
1065 2217 1276 2259 Πόπλιον·
1319 2217 1436 2259 οὐδὲν
1474 2217 1555 2272 ’γὰρ
1594 2214 1797 2268 πολέμιον

384 2294 641 2338 πεπονθότες
674 2295 743 2336 ὑπ’
776 2297 906 2337 αὐτοῦ
937 2295 1045 2336 κατὰ
1077 2295 1151 2339 τὰς
1182 2297 1223 2337 ἐν
1251 2295 1421 2352 Ἰβηρίᾳ
1451 2295 1624 2350 πράξεις
1646 2292 1797 2335 ἀδίκως

383 2372 600 2427 ἐφαίνοντο
622 2374 692 2415 καὶ
718 2373 1033 2428 παρασπόνδως
1064 2375 1178 2426 ἥκειν
1198 2373 1307 2414 κατὰ
1333 2372 1548 2426 Ῥωμαίων
1569 2370 1794 2426 συμμαχή-

382 2468 525 2494 σοντες
556 2455 640 2495 τοῖς
663 2451 981 2507 Καρχηδονίοις.
1043 2454 1090 2493 οὐ
1110 2451 1191 2505 μὴν
1211 2452 1310 2492 ἀλλ’
1333 2452 1420 2504 ἅμα
1451 2453 1508 2506 τῷ
1535 2454 1676 2491 κλῖναι
1701 2448 1798 2492 τοὺς
