1980 3290
427 269 515 318 290
618 268 1030 316 MONUMENTA
1063 267 1410 314 HISTORIOA
1446 268 1709 317 CELTICA

430 399 648 448 Πολύβιος
670 398 853 439 ἄπιστον
874 397 944 438 καὶ
967 395 1069 437 αὐτὸ
1091 400 1226 443 τοῦτο,
1250 398 1340 441 πῶς
1361 396 1506 450 ἰδιώτῃ
1538 397 1746 452 ἀνθρώπῳ
1769 397 1840 439 καὶ

429 476 577 527 πένητι
598 475 649 516 τὰ
671 478 861 516 τοσαῦτα
883 473 1153 526 διαστήματα
1173 473 1328 514 πλωτὰ
1349 473 1420 514 καὶ
1441 473 1627 528 ’,τορευτὰ
1646 474 1840 527 γένοιτο.1

429 552 502 595 τὸν
523 552 555 593 δ’
576 551 860 607 Ἐρατοσθένη
892 550 1212 605 διαπορήσαντα
1243 550 1278 592 εἰ
1307 549 1391 606 χρὴ
1423 550 1637 594 πιστεύειν
1667 551 1839 600 τούτοις,

429 631 538 683 ὅμως
559 629 658 684 περί
677 647 722 670 τε
743 632 816 680 τῆς
847 631 1129 683 Βρεττανικῆς
1159 627 1487 669 πεπιστευκέναι
1519 629 1589 670 καὶ
1619 631 1702 672 τῶν
1732 630 1841 673 κατὰ

430 707 610 762 Γάδειρα
659 706 729 748 καὶ
778 705 854 757 τὴν
901 704 1107 760 Ἰβηρίαν.
1186 704 1300 747 πολὺ
1340 705 1383 747 δέ
1423 709 1530 761 φησι
1567 705 1744 756 βέλτιον
1783 712 1842 763 τῷ

430 783 665 837 λΙεσσηνίῳ
697 783 913 825 πιστεύειν
946 783 971 834 ἢ
1004 782 1151 836 τούτῳ·
1185 781 1205 824 ὁ
1237 782 1378 835 μέντοι
1408 801 1456 836 γε
1487 783 1542 828 εἰς
1565 783 1666 836 μίαν
1696 786 1843 841 χώραν

430 861 507 914 τὴν
527 859 762 916 Παγχαίαν
782 860 897 913 λέγει
919 863 1117 906 πλεῦσαι,
1141 859 1161 901 ὁ
1185 859 1226 901 δὲ
1248 860 1317 901 καὶ
1337 859 1464 915 μέχρι
1486 863 1568 903 τῶν
1589 865 1661 903 τοῦ
1682 861 1843 915 κόσμου

429 939 625 994 περάτων
661 937 1004 979 κατωπτευκέναι
1053 936 1129 988 τὴν
1177 937 1466 992 προσάρκτιον
1515 942 1588 990 τῆς
1637 940 1842 995 Εὐρώπης

429 1021 588 1064 πᾶσαν,
639 1018 689 1069 ἣν
739 1016 821 1057 οὐδ’
872 1016 923 1057 ἂν
972 1019 1030 1069 τῷ
1079 1015 1210 1069 Ἑρμῇ
1264 1015 1496 1057 πιστεύσαι
1545 1034 1607 1060 τις
1656 1017 1838 1071 λέγοντι.

427 1095 714 1151 Ἐρατοσθένη
729 1094 771 1135 δὲ
793 1093 864 1135 τὸν
884 1093 1187 1148 μὲνζΕὐήμερον
1202 1095 1404 1147 Βεργαῖον
1418 1104 1431 1128 2
1453 1098 1613 1141 καλεῖν,
1631 1095 1778 1154 Πυθέα
1799 1096 1842 1138 δὲ

428 1173 653 1219 πιστεύειν,
692 1172 763 1213 καὶ
797 1175 931 1213 ταῦτα
964 1170 1068 1223 μηδὲ
1103 1170 1372 1227 Δικαιάρχου
1412 1171 1733 1217 πιστεύσαντος.
1794 1173 1841 1215 τὸ

426 1251 500 1302 μὲν
533 1251 604 1291 οὖν
635 1249 775 1303 (ίμηδὲ
807 1248 1073 1303 Δικαιάρχου
1105 1247 1414 1291 πιστεύσαντος
1427 1248 1447 1261 ”
1484 1252 1662 1301 γελοῖον,
1697 1249 1841 1306 ὥσπερ

427 1328 568 1382 ἐκείνῳ
610 1327 753 1369 κανόνι
792 1325 1044 1382 χρήσασθαι
1093 1329 1323 1380 προσῆκον,
1375 1326 1468 1367 καθ’
1519 1327 1566 1368 οὗ
1616 1327 1842 1372 τοσούτους

427 1406 629 1461 ἐλέγχους
669 1403 794 1448 αὐτὸς
834 1403 1104 1458 προφέρεται·
1163 1402 1494 1457 Ἐρατοσθένους
1535 1403 1577 1445 δὲ
1616 1405 1777 1459 εἴρηται
1817 1406 1840 1458 ἡ

426 1485 522 1540 περὶ
545 1484 597 1525 τὰ
619 1482 796 1537 ἑσπέρια
817 1481 887 1522 καὶ
910 1481 962 1522 τὰ
983 1480 1165 1535 ἀρκτικὰ
1187 1485 1258 1532 τῆς
1280 1481 1483 1535 Εὐρώπης
1505 1480 1666 1534 ἄγνοια.

1533 1550 1673 1587 (xxxiv.
1696 1551 1743 1593 5.)

515 1634 712 1672 LXXXI.
747 1631 892 1672 Πάλιν
932 1630 974 1671 δὲ
1005 1634 1127 1671 τοῦτο
1157 1629 1232 1683 μὲν
1265 1629 1398 1684 ὀρθῶς
1438 1630 1734 1686 ἀποφαίνεται,
1773 1633 1840 1674 ὅτι

425 1711 567 1763 ἀγνοεῖ
587 1709 639 1751 τὰ
662 1707 891 1764 Ἰβηρικὰὸ
913 1707 1233 1764 Ἐρατοσθένης,
1258 1708 1329 1748 καὶ
1352 1706 1457 1749 διότι
1482 1708 1579 1762 περὶ
1601 1709 1729 1761 αὐτῆς
1751 1709 1839 1752 ἔσθ’

424 1789 532 1829 ὅπου
562 1787 615 1828 τὰ
644 1786 868 1842 μαχόμενα
898 1784 1193 1840 ἀποφαίνεται,
1228 1785 1270 1829 ὅς
1301 1803 1348 1838 γε
1377 1784 1504 1840 μέχρι
1526 1785 1736 1841 Γαδείρων
1760 1787 1841 1828 ὑπὸ

425 1868 632 1907 Γαλατῶν
666 1865 974 1920 περιοικεῖσθαι
1007 1863 1147 1918 φήσας
1179 1862 1237 1904 τὰ
1271 1863 1423 1914 ἔξωθεν
1463 1864 1600 1914 αὐτῆς,
1636 1865 1674 1905 εἴ
1707 1882 1755 1917 γε
1787 1863 1840 1905 τὰ

423 1943 528 1997 πρὸς
563 1943 684 1984 δύσιν
719 1944 790 1993 τῆς
824 1941 1028 1996 Εὐρώπης
1059 1940 1186 1995 μέχρι
1222 1939 1431 1994 Γαδείρων
1467 1940 1640 1995 ἔχουσιν
1679 1942 1838 1988 ἐκεῖνοι,

424 2021 583 2062 τούτων
617 2018 896 2072 ἐκλαθόμενος
929 2017 1038 2059 κατὰ
1074 2017 1150 2069 τὴν
1183 2020 1255 2068 τῆς
1293 2016 1483 2072 Ἰβηρίας
1523 2017 1717 2072 περίοδον
1757 2021 1842 2060 τῶν

424 2101 632 2139 Γαλατῶν
654 2097 835 2149 οὐδαμοῦ
865 2094 1108 2148 μέμνηταιῶ

1534 2178 1668 2214 (xxxiv,
1693 2175 1737 2215 7.)

510 2260 730 2300 LXXXII.
765 2257 983 2307 Πολύβιος
1005 2257 1038 2298 δ’
1061 2258 1103 2298 ἐν
1125 2260 1175 2311 τῇ
1206 2258 1387 2311 τετάρτῃ
1408 2257 1477 2298 καὶ
1500 2261 1733 2312 τριακοστῇ
1755 2261 1840 2300 τῶν

423 2339 621 2393 ἱστοριῶν
641 2335 747 2389 μετὰ
769 2335 845 2388 τὴν
867 2335 1067 2390 Πυρήνην
1089 2335 1221 2390 φησὶν
1242 2335 1316 2378 ἕως
1338 2338 1411 2376 τοῦ
1432 2336 1671 2389 Νάρβωνος
1701 2353 1837 2377 ποτα-

419 2420 499 2470 μοῦ
534 2414 678 2457 πεδίον
711 2413 827 2461 εἶναι,
866 2413 916 2456 δι’
939 2414 987 2455 οὗ
1013 2412 1218 2468 φέρεσθαι
1248 2412 1464 2465 ποταμοὺς
1494 2412 1732 2467 Ἰλλέβεριν
1767 2414 1838 2456 καὶ
