1980 3290
426 275 514 323 272
576 278 986 326 MONUMENTA
1028 279 1375 327 HISTORIOA
1419 281 1683 330 CELTICA

511 410 667 451 LXVI.
692 409 796 452 ”Οτι
829 413 924 453 καθ’
959 411 1004 453 ὃν
1037 412 1183 467 καιρὸν
1216 414 1257 455 ἐν
1279 416 1329 467 τῇ
1363 413 1501 468 Ῥώμῃ
1534 413 1587 455 τὰ
1619 415 1715 470 περὶ
1757 416 1831 462 τὰς

423 486 635 538 συνθήκας
666 487 740 531 τὰς
761 488 866 543 πρὸς
897 488 1119 544 Ἀντίοχον
1150 489 1220 531 καὶ
1252 489 1439 531 καθόλου
1469 490 1565 545 περὶ
1587 495 1660 543 τῆς
1679 493 1831 538 Ἀσίας

423 564 467 605 αἱ
498 567 726 619 πρεσβεῖαι
766 565 1078 621 διεπράττοντο,
1115 567 1224 608 κατὰ
1258 567 1300 608 δὲ
1333 567 1408 619 τὴν
1441 567 1635 609 “Ελλάδα
1668 568 1715 610 τὸ
1748 574 1831 613 τῶν

424 642 629 684 Αἰτωλῶν
661 643 776 687 ἔθνος
808 644 1064 696 ἐπολεμεῖτο,
1101 644 1210 685 κατὰ
1243 648 1390 685 τοῦτον
1422 643 1584 696 συνέβη
1623 645 1695 687 τὸν
1733 648 1829 702 περὶ

421 720 496 772 τὴν
515 720 669 762 Ἀσίαν
694 720 799 775 πρὸς
820 721 914 765 τοὺς
935 722 1135 765 Γαλάτας
1149 720 1337 774 πόλεμον
1359 722 1695 774 ἐπιτελεσθῆναι,
1720 725 1825 780 ὑπὲρ

419 799 467 839 οὗ
489 801 560 840 νῦν
581 798 836 851 ἐνιστάμεθα
857 798 932 850 τὴν
954 798 1160 851 διήτγησιν.
1196 832 1202 840 .
1238 832 1245 840 .
1280 831 1287 840 .

1504 857 1588 899 (xxi.
1611 860 1682 902 33.)

506 952 685 991 LXVII.
710 949 815 992 “On
829 950 1012 995 Γναῖοςὸ
1035 951 1273 1006 στρατηγὸς
1295 954 1377 994 τῶν
1392 952 1607 1005 Ῥωμαίων
1623 954 1828 1008 πρέσβεις

417 1027 692 1079 ἐξαπέστειλε
731 1027 836 1083 πρὸς
876 1027 948 1070 τὸν
985 1028 1305 1082 ἘποσόὙνατον
1352 1029 1424 1071 τὸν
1463 1030 1674 1081 Γαλάτην,
1716 1032 1828 1077 ὅπως

415 1107 667 1161 πρεσβεύσῃ
697 1106 802 1162 πρὸς
828 1106 922 1150 τοὺς
954 1109 1036 1148 τῶν
1059 1109 1266 1148 Γαλατῶν
1291 1108 1502 1156 βασιλεῖς.
1565 1107 1635 1149 καὶ
1658 1107 1677 1149 ὁ
1699 1109 1824 1150 Ἐπο-

415 1183 621 1237 σόὙνατος
643 1184 810 1240 ἔπεμψε
833 1184 937 1239 πρὸς
969 1188 1117 1227 Γναῖον
1148 1184 1365 1239 πρέσβεις,
1400 1185 1468 1226 καὶ
1500 1186 1733 1240 παρεκάλει
1755 1186 1826 1229 τὸν

416 1266 564 1304 Γναῖον
597 1263 668 1305 τὸν
701 1266 784 1305 τῶν
824 1263 1040 1317 Ῥωμαίων
1080 1262 1321 1318 στρατηνγὸν
1360 1263 1415 1316 μὴ
1456 1264 1825 1317 προεξαναστῆναι

413 1340 505 1393 μηδ’
538 1341 763 1391 ἐπιβαλεῖν
794 1345 940 1397 χεῖρας
980 1345 1064 1385 τοῖς
1102 1340 1452 1394 ΤολιστοβοὙίοις
1485 1341 1712 1388 Γαλάταις,
1755 1343 1825 1385 καὶ

414 1417 518 1459 διότι
538 1418 798 1473 πρεσβεύσει
828 1418 933 1474 πρὸς
964 1419 1059 1463 τοὺς
1087 1421 1289 1469 βασιλεῖς
1320 1420 1458 1460 αὐτῶν
1488 1418 1815 1472 Ἐποσόγνατος,

413 1496 484 1537 καὶ
515 1495 740 1547 ποιήσεται
770 1495 922 1548 λόγους
955 1496 1058 1550 ὑπὲρ
1090 1500 1162 1548 τῆς
1184 1495 1341 1550 φιλίας,
1366 1496 1436 1537 καὶ
1458 1498 1684 1538 πεπεῖσθαι
1718 1497 1824 1552 πρὸς

412 1577 499 1615 πᾶν
521 1573 671 1617 αὐτοὺς
692 1573 1053 1628 παραστήσεσθαι
1075 1573 1121 1614 τὸ
1144 1576 1285 1617 καλῶς
1307 1574 1417 1629 ἕχον.
1454 1606 1461 1614 .
1496 1606 1503 1614 .
1538 1606 1546 1614 .

496 1653 643 1695 Γναῖος
676 1650 696 1692 ὁ
729 1652 890 1695 ὕπατος
923 1651 1139 1705 Ῥωμαίων
1173 1651 1437 1707 διερχόμενος
1470 1651 1710 1706 ε’«γεφύρωσε
1750 1652 1822 1694 τὸν

411 1727 651 1784 ΣαὙνγάριον
671 1728 874 1782 ποταμόν,
899 1729 1050 1773 τελέως
1072 1733 1218 1771 κοῖλον
1240 1730 1342 1771 ὅντα
1363 1729 1433 1770 καὶ
1457 1729 1687 1780 δύσβατον.
1749 1731 1820 1772 καὶ

409 1808 508 1861 παρ’
532 1806 660 1849 αὐτὸν
681 1806 753 1848 τὸν
783 1806 976 1859 ποταμὸν
1007 1806 1482 1862 στρατοπεδευσαμένου
1512 1807 1820 1862 παραγίνονται

410 1885 573 1926 Γάλλοι
604 1885 722 1940 παρὰ
747 1885 944 1929 ”Αττιδος
975 1885 1045 1926 καὶ
1078 1885 1302 1926 Βαττάκου
1332 1888 1416 1927 τῶν
1437 1886 1482 1926 ἐκ
1508 1887 1820 1930 Πεσσινοῦντος

409 1962 548 2018 ἱερέων
597 1967 669 2014 τῆς
717 1963 873 2017 μητρὸς
921 1966 1004 2004 τῶν
1046 1963 1159 2009 θεῶν,
1203 1963 1370 2018 ἔχοντες
1419 1962 1703 2017 προστηθίδια
1748 1964 1818 2005 καὶ

407 2041 574 2086 τύπους,
626 2041 861 2095 φάσκοντες
910 2040 1252 2095 προσαγγέλλειν
1310 2040 1386 2093 τὴν
1436 2040 1529 2083 θεὸν
1579 2040 1697 2091 νίκην
1746 2042 1816 2082 καὶ

406 2119 570 2173 κράτος.
632 2120 700 2163 οὓς
723 2118 742 2160 ὁ
766 2122 911 2162 Γναῖος
933 2119 1246 2173 φιλανθρώπως
1270 2117 1512 2170 ὑπεδέξατο.
1548 2151 1555 2159 .
1591 2151 1598 2159 .
1633 2151 1640 2159 .

481 2197 635 2241 ”Οντος
657 2197 699 2238 δὲ
720 2200 792 2238 τοῦ
815 2196 966 2238 Γναίου
987 2196 1091 2251 πρὸς
1113 2195 1160 2237 τὸ
1181 2195 1468 2249 πολισμάτιον
1489 2195 1536 2237 τὸ
1559 2196 1816 2249 καλούμενον

405 2274 626 2329 Γορδίειον,
659 2276 761 2327 ἧκον
793 2275 892 2329 παρ’
923 2275 1245 2327 ἘποσοὙν(ίτου
1270 2273 1473 2327 πρέσβεις
1504 2274 1815 2325 ιἰποδηλοῦντες

403 2353 467 2394 ὅτι
488 2353 705 2407 πορευθεὶς
736 2352 982 2407 διαλεχθείη
1012 2356 1096 2396 τοῖς
1127 2355 1210 2394 τῶν
1240 2354 1448 2393 Γαλατῶν
1476 2353 1748 2401 βασιλεῦσιν,
1776 2352 1815 2393 οἱ

404 2429 436 2471 δ’
477 2432 626 2475 ἁπλῶς
666 2431 722 2475 εἰς
762 2430 879 2474 οὐδὲν
919 2429 1307 2485 συνγκαταβαίνοιεν
1356 2429 1670 2487 φιλάνθρωπον,
1713 2430 1811 2470 ἀλλ’
