1980 3290
439 293 527 341 276
589 291 1002 341 MONUMENTA
1045 289 1391 339 HISTORICA
1435 290 1701 340 CELTICA

525 427 680 467 LXIX.
705 424 811 468 ‘'O‘rc
832 429 915 467 τῶν
936 425 1152 478 Ῥωμαίων
1171 425 1277 478 μετὰ
1299 425 1374 477 τὴν
1399 428 1481 466 τῶν
1504 428 1711 467 Γαλατῶν
1733 425 1853 477 νίκην

436 503 856 558 στρατοπεδευόντων
877 504 972 558 περὶ
996 503 1070 555 τὴν
1093 503 1313 558 ’Ἄγκυραν
1335 502 1474 549 πόλιν,
1512 504 1582 545 καὶ
1605 506 1678 544 τοῦ
1700 503 1852 545 Γναίου

436 584 508 622 τοῦ
530 585 772 636 στρατηγοῦ
804 581 1005 636 προάγειν
1036 581 1091 625 εἷς
1122 581 1415 635 τοῦμπροσθεν
1444 580 1687 634 μέλλοντος,
1711 599 1849 637 παρα-

435 658 622 711 γίνονται
662 658 867 713 πρέσβεις
906 658 1023 714 παρὰ
1064 661 1146 699 τῶν
1184 658 1476 711 Τεκτοσάγων,
1517 659 1729 711 ἀξιοῦντες
1778 659 1851 701 τὸν

437 738 587 777 Γναῖον
608 736 682 780 τὰς
711 737 785 790 μὲν
816 736 1008 789 δυνάμεις
1039 737 1164 777 ἐᾶσαι
1196 736 1305 777 κατὰ
1335 736 1493 791 χώραν,
1526 735 1654 777 αὐτὸν
1676 735 1718 778 δὲ
1739 736 1848 778 κατὰ

437 814 511 865 τὴν
543 815 749 855 ἐπιοῦσαν
783 814 937 867 ἡμέραν
970 815 1192 869 προελθεῖν
1225 814 1280 858 εἷς
1313 813 1385 855 τὸν
1409 814 1567 866 μεταξὺ
1600 813 1731 856 τόπον
1765 818 1848 856 τῶν

436 891 749 946 στρατοπέδων·
828 893 941 944 ἥξειν
991 891 1033 933 δὲ
1082 892 1152 933 καὶ
1193 890 1288 935 τοὺς
1327 891 1428 945 παρ’
1469 892 1609 933 αὑτῶν
1646 894 1847 942 βασιλεῖς

435 970 861 1022 κοινολογησομένους
903 970 1007 1024 ὑπὲρ
1049 972 1131 1011 τῶν
1181 969 1428 1011 διαλύσεων.
1501 974 1573 1011 τοῦ
1615 970 1656 1011 δὲ
1697 969 1847 1012 Γναίου

434 1048 807 1101 συγκαταθεμένου
848 1049 917 1090 καὶ
961 1047 1324 1103 παραγενηθέντος
1368 1047 1477 1088 κατὰ
1518 1048 1564 1089 τὸ
1605 1048 1846 1103 συνταχθὲν

431 1126 537 1178 μετὰ
570 1126 861 1168 πεντακοσίων
893 1126 1066 1172 ἱππέων,
1091 1125 1184 1167 τότε
1213 1125 1287 1178 μὲν
1317 1127 1392 1167 οὐκ
1421 1127 1553 1178 ἦλθον
1574 1127 1613 1167 οἱ
1630 1128 1844 1176 βασιλεῖς.

433 1203 809 1259 ἀνακεχωρηκότος
832 1204 864 1245 δ’
887 1205 1016 1245 αὐτοῦ
1046 1203 1150 1259 πρὸς
1172 1203 1247 1255 τὴν
1278 1203 1387 1245 ἰδίαν
1408 1205 1701 1258 παρεμβολήν,
1725 1205 1845 1248 αὖθις

433 1283 535 1334 ἧκον
567 1282 605 1323 οἱ
636 1282 842 1336 πρέσβεις
876 1282 980 1336 ὑπὲρ
1019 1281 1093 1335 μὲν
1133 1284 1216 1323 τῶν
1254 1281 1476 1331 βασιλέων
1516 1282 1700 1337 σκήψεις
1731 1282 1845 1327 τινὰς

432 1359 637 1412 λέγοντες,
684 1361 895 1412 ἀξιοῦντες
936 1359 978 1401 δὲ
1023 1359 1157 1400 πάλιν
1197 1360 1335 1401 ἐλθεῖν
1383 1358 1523 1405 αὐτόν,
1566 1360 1709 1412 ἐπειδὴ
1749 1360 1845 1404 τοὺς

433 1438 624 1492 πρώτους
659 1437 812 1492 ἄνδρας
845 1438 1118 1492 ἐκπέμψουσι
1151 1437 1578 1490 κοινολογησομένους
1618 1437 1721 1492 ὑπὲρ
1762 1441 1846 1480 τῶν

432 1515 555 1557 ὅλων.
616 1514 636 1556 ὁ
669 1515 711 1557 δὲ
743 1517 888 1559 Γναῖος
919 1515 1182 1558 κατανεύσας
1213 1515 1326 1567 ἥξειν
1355 1514 1481 1558 αὐτὸς
1501 1515 1575 1568 μὲν
1598 1515 1752 1568 ἔμεινεν
1774 1516 1844 1558 ἐπὶ

432 1597 505 1645 τῆς
538 1592 644 1637 ἰδίας
677 1592 1018 1648 στρατοπεδείας,
1054 1593 1273 1634 ”Ατταλον
1306 1592 1348 1633 δὲ
1387 1593 1458 1634 καὶ
1490 1596 1573 1634 τῶν
1602 1594 1846 1649 χιλιάρχων

432 1670 546 1715 τινὰς
585 1671 861 1723 ἐξαπέστειλε
899 1670 1004 1723 μετὰ
1045 1670 1299 1725 τριακοσίων
1339 1670 1515 1712 ἱππέων.
1595 1671 1635 1712 οἱ
1680 1671 1723 1713 δὲ
1763 1674 1845 1713 τῶν

432 1750 640 1790 Γαλατῶν
680 1748 927 1804 πρέσβεις
968 1750 1101 1801 ἦλθον
1140 1748 1213 1801 μὲν
1252 1748 1363 1790 κατὰ
1404 1748 1450 1789 τὸ
1491 1749 1733 1804 συνταχθὲν
1773 1750 1843 1791 καὶ

429 1825 582 1879 λόγους
613 1827 868 1879 ἐποιήσαντο
899 1827 995 1881 περὶ
1027 1829 1110 1868 τῶν
1140 1826 1416 1881 πραγμάτων,
1441 1826 1560 1870 τέλος
1583 1826 1614 1867 δ’
1637 1827 1843 1869 ἐπιθεῖναι

430 1908 515 1948 τοῖς
536 1904 848 1959 προειρημένοις
879 1905 904 1957 ἢ
937 1903 1128 1959 κυρῶσαί
1157 1922 1197 1945 τι
1228 1907 1311 1945 τῶν
1343 1903 1553 1956 δοξάντων
1577 1906 1653 1945 οὐκ
1675 1905 1842 1960 ἔφασαν

430 1981 533 2022 εἶναι
574 1981 761 2023 δυνατόν.
822 1981 916 2025 τοὺς
957 1981 999 2022 δὲ
1038 1983 1237 2031 βασιλεῖς
1287 1984 1337 2034 τῇ
1388 1981 1496 2022 κατὰ
1546 1981 1679 2026 πόδας
1728 1983 1841 2034 ἥξειν

429 2058 678 2113 διωρίζοντο,
713 2059 1050 2112 συνθησομένους
1090 2059 1159 2100 καὶ
1199 2058 1329 2112 πέρας
1362 2059 1654 2111 ἐπιθήσοντας,
1697 2059 1731 2100 εἰ
1770 2060 1837 2102 καὶ

429 2137 575 2180 Γναῖος
608 2135 627 2177 ὁ
661 2136 900 2191 στρατηγὸς
932 2136 1049 2177 ἔλθοι
1081 2135 1185 2190 πρὸς
1218 2136 1381 2179 αὐτούς.
1443 2138 1525 2178 τῶν
1558 2136 1600 2177 δὲ
1632 2138 1727 2192 περὶ
1768 2137 1839 2179 τὸν

421 2214 639 2256 ”Ατταλον
671 2214 1042 2268 ἐπαγγειλαμένων
1075 2215 1188 2266 ἥξειν
1220 2213 1291 2254 τὸν
1328 2217 1487 2261 Γναῖον,
1522 2214 1617 2256 τότε
1653 2215 1728 2268 μὲν
1767 2216 1837 2257 ἐπὶ

428 2291 588 2336 τούτοις
611 2292 876 2344 διελύθησαν.
938 2293 1153 2333 ἐποιοῦντο
1176 2291 1218 2332 δὲ
1249 2291 1335 2336 τὰς
1359 2292 1601 2346 ὑπερθέσεις
1623 2293 1779 2337 ταύτας
1800 2293 1839 2335 οἱ

427 2368 621 2410 Γαλάται
652 2370 721 2411 καὶ
745 2369 1073 2423 διεστρατήγουν
1104 2368 1199 2412 τοὺς
1224 2368 1454 2421 Ῥωμαίους
1477 2368 1733 2423 βουλόμενοι
1754 2372 1837 2411 τῶν

427 2463 471 2487 τε
499 2446 708 2499 σωμάτων
738 2446 831 2488 τινὰ
857 2449 940 2487 τῶν
970 2444 1211 2499 ἀναγκαίων
1241 2446 1311 2486 καὶ
1343 2448 1426 2487 τῶν
1455 2446 1686 2501 χρημάτων
1712 2447 1835 2502 ὑπερ-

427 2522 577 2564 θέσθαι
608 2523 743 2578 πέραν
768 2523 924 2566 ’Άλυος
956 2526 1160 2575 ποταμοῦ,
1194 2522 1387 2575 μάλιστα
1421 2522 1462 2564 δὲ
1494 2523 1565 2564 τὸν
1595 2523 1837 2578 στρατηγὸν

427 2601 509 2640 τῶν
529 2600 756 2653 Ῥωμαίων,
789 2601 824 2642 εἰ
855 2601 1076 2651 δυνηθεῖεν,
1109 2601 1263 2649 λαβεῖν
1296 2600 1549 2655 ὑποχείριον,
1580 2601 1614 2642 εἰ
1636 2601 1678 2643 δὲ
1697 2601 1755 2654 μή
1777 2619 1837 2655 γε,
