1980 3290
449 245 536 292 176
606 244 1018 291 MONUMENTA
1048 243 1395 291 HISTORICA
1441 244 1706 291 CELTICA

447 374 575 414 αὐτοῦ
615 372 805 427 πλευρὰν
845 371 1094 425 κεκλιμένην
1133 372 1204 413 καὶ
1245 371 1320 424 τὴν
1359 373 1429 413 ἐπὶ
1469 372 1522 413 τὰ
1561 372 1697 420 πεδία,
1738 372 1857 428 παρὰ

446 452 668 493 θάλατταν
700 451 775 503 μὲν
807 450 934 505 μέχρι
973 448 1137 493 πόλεως
1177 449 1328 500 Πίσης,
1370 451 1396 502 ὴ
1435 449 1581 504 πρώτη
1617 454 1750 492 κεῖται
1785 454 1857 503 τῆς

443 528 676 583 Τυρρηνίας
717 528 769 572 ὠς
807 527 912 583 πρὸς
953 527 1027 571 τὰς
1068 527 1241 580 δυσμάς,
1284 527 1394 568 κατὰ
1435 527 1478 568 δὲ
1517 527 1591 579 τὴν
1629 527 1858 581 μεσόγαιον

445 607 519 650 ἕως
550 610 622 658 τῆς
652 605 910 661 Ἀρρητίνων
939 606 1094 661 χώρας·
1138 606 1230 656 ἑξῆς
1261 604 1304 646 δὲ
1333 604 1550 660 Τυρρηνοί.
1622 605 1784 650 τούτοις
1815 605 1858 647 δὲ

444 688 634 739 συνεχεῖς
673 684 870 738 ἑκάτερον
910 683 956 724 τὸ
996 682 1130 735 κλίμα
1179 682 1371 735 νέμονται
1420 685 1502 724 τῶν
1550 683 1859 738 προειρημένων

444 762 551 817 ὀρῶν
575 763 776 816 ”Ομβροι.
836 761 989 803 λοιπὸν
1020 760 1040 802 ὁ
1070 761 1144 813 μὲν
1174 760 1416 804 Ἀπεννῖνος
1448 760 1624 816 ἀπέχων
1654 765 1727 813 τῆς
1748 761 1859 802 κατὰ

445 839 517 881 τὸν
537 839 711 894 Ἀδρίαν
742 840 959 890 θαλάττης
989 838 1188 882 σταδίους
1220 839 1372 880 ὡσανεὶ
1403 838 1721 885 πεντακοσίους,
1752 839 1857 880 ἀπο-

443 917 582 959 λείπει
612 917 665 958 τὰ
695 916 821 958 πεδία
852 916 982 968 δεξιὸς
1014 915 1240 962 ἀπονεύων,
1263 915 1334 956 καὶ
1366 914 1435 956 διὰ
1454 915 1586 968 μέσης
1614 920 1686 967 τῆς
1706 920 1860 967 λοιπῆς

444 995 632 1039 Ἰταλίας
664 995 818 1047 διήκων
853 994 909 1038 εἰς
943 993 989 1035 τὸ
1030 993 1252 1038 Σικελικὸν
1292 992 1528 1035 κατατείνει
1567 993 1769 1046 πέλανγος·
1812 993 1859 1034 τὸ

445 1073 480 1114 δ’
512 1072 848 1126 ἀπολειπόμενον
876 1072 998 1127 μέρος
1027 1071 1195 1113 πεδινὸν
1225 1075 1297 1122 τῆς
1326 1074 1514 1126 πλευρᾶς
1544 1071 1613 1112 ἐπὶ
1640 1073 1861 1113 θάλατταν

444 1152 515 1193 καὶ
536 1151 666 1193 πόλιν
687 1151 863 1203 καθήκει
893 1150 1042 1202 Σήνην-
1105 1148 1125 1190 ὁ
1157 1149 1199 1190 δὲ
1220 1149 1362 1192 Πάδος
1383 1148 1585 1201 ποταμός,
1610 1148 1690 1190 ὑπὸ
1713 1148 1755 1190 δὲ
1777 1151 1860 1191 τῶν

443 1232 630 1280 ποιητῶν
648 1228 869 1283 Ἠριδανὸς
891 1227 1181 1283 θρυλούμενος,
1206 1227 1295 1282 ἔχει
1318 1226 1393 1279 μὲν
1414 1226 1488 1270 τὰς
1509 1226 1648 1279 πητγὰς
1671 1226 1755 1267 ἀπὸ
1777 1229 1860 1269 τῶν

437 1309 638 1349 ’Ἀλπεων
672 1309 724 1351 ὡς
763 1306 868 1361 πρὸς
903 1305 978 1357 τὴν
1018 1305 1206 1360 κορυφὴν
1239 1308 1409 1356 μᾶλλον
1448 1308 1520 1345 τοῦ
1560 1304 1860 1359 προειρημένου

442 1386 677 1440 σχήματος,
701 1383 985 1438 καταφέρεται
1007 1382 1042 1423 δ’
1064 1382 1119 1426 εἰς
1141 1381 1195 1423 τὰ
1224 1381 1349 1423 πεδία
1375 1381 1619 1434 ποιούμενος
1641 1381 1717 1433 τὴν
1738 1381 1859 1435 ῥύσιν

443 1465 495 1507 ὡς
545 1464 614 1504 ἐπὶ
662 1461 948 1516 μεσημβρίαν.
1010 1459 1260 1515 ἀφικόμενος
1311 1459 1345 1500 δ’
1397 1459 1452 1503 εἷς
1502 1459 1596 1502 τοὺς
1637 1459 1859 1501 ἐπιπέδους

441 1545 607 1591 τόπους,
646 1543 841 1588 ἐκκλίνας
877 1547 934 1598 τῷ
966 1543 1141 1597 ῥεύματι
1180 1542 1285 1597 πρὸς
1325 1543 1377 1582 ἕω
1414 1541 1586 1596 φέρεται
1618 1541 1670 1582 δι’
1705 1542 1856 1588 αὐτῶν,

440 1627 553 1665 ποιεῖ
592 1623 635 1664 δὲ
674 1622 750 1675 τὴν
790 1620 976 1673 ἐκβολὴν
1017 1620 1113 1661 δυσὶ
1154 1618 1366 1672 στόμασιν
1405 1619 1462 1663 εἰς
1501 1619 1596 1663 τοὺς
1636 1619 1747 1660 κατὰ
1787 1619 1859 1662 τὸν

440 1701 614 1757 Ἀδρίαν
663 1700 829 1743 τόπους·
899 1698 946 1740 τὸ
997 1698 1040 1739 δὲ
1088 1701 1236 1739 πλεῖον
1284 1696 1568 1749 ἀποτέμνεται
1615 1696 1737 1751 μέρος
1786 1701 1858 1749 τῆς

440 1779 636 1823 πεδιάδος
656 1779 799 1834 χώρας
820 1777 876 1821 εἰς
907 1776 981 1820 τὰς
999 1777 1180 1819 ”Αλπεις
1210 1775 1281 1816 καὶ
1313 1774 1385 1816 τὸν
1416 1773 1686 1829 Ἀδριατικὸν
1705 1774 1855 1830 μυχόν.

441 1858 533 1911 ἄγει
574 1857 616 1898 δὲ
655 1857 821 1907 πλῆθος
860 1854 1011 1898 ὕδατος
1051 1852 1214 1897 οὐδενὸς
1263 1852 1443 1894 ἔλαττον
1491 1854 1574 1893 τῶν
1622 1852 1733 1893 κατὰ
1782 1852 1857 1904 τὴν

441 1934 633 1977 Ἰταλίαν
672 1935 876 1986 ποταμῶν
916 1931 984 1974 διὰ
1024 1930 1071 1973 τὸ
1112 1931 1187 1975 τὰς
1226 1930 1365 1985 ῥύσεις
1405 1929 1479 1976 τὰς
1530 1929 1599 1972 ε’πὶ
1639 1930 1693 1971 τὰ
1732 1929 1857 1972 πεδία

441 2013 642 2056 νευούσας
663 2011 748 2053 ἀπό
780 2029 824 2052 τε
854 2013 937 2051 τῶν
961 2011 1164 2050 ”Αλπεων
1195 2008 1265 2050 καὶ
1288 2011 1370 2049 τῶν
1397 2007 1654 2050 Ἀπεννίνων
1675 2008 1781 2063 ὀρῶν
1802 2008 1858 2052 εἰς

440 2095 589 2133 τοῦτον
611 2088 834 2143 ἐμπίπτειν
864 2087 1038 2131 ἁπάσας
1068 2086 1138 2128 καὶ
1169 2085 1455 2141 πανταχόθεν.
1513 2085 1701 2140 μενγίστῳ
1723 2085 1856 2127 δὲκαὶ

441 2168 664 2222 καλλίστῳ
694 2166 868 2222 ῥεύματι
900 2164 1070 2220 φέρεται
1100 2163 1196 2218 περὶ
1228 2162 1350 2207 κυνὸς
1381 2163 1598 2215 ἐπιτολήν,
1631 2162 1856 2216 αὐξόμενος

442 2246 523 2288 ὑπὸ
546 2249 620 2287 τοῦ
640 2245 831 2296 πλήθους
863 2246 945 2284 τῶν
967 2241 1290 2294 ἀνατηκομένων
1310 2240 1467 2296 χιόνων
1488 2241 1530 2282 ἐν
1552 2245 1638 2285 τοῖς
1659 2258 1853 2296 προειρη,

439 2325 575 2377 μένοις
606 2325 758 2378 ὄρεσιν.
818 2321 1072 2362 ἀναπλεῖται
1106 2319 1140 2360 δ’
1171 2320 1216 2359 ἐκ
1248 2319 1464 2369 θαλάττης
1497 2318 1605 2359 κατὰ
1636 2318 1683 2359 τὸ
1714 2318 1854 2372 στόμα

442 2403 488 2444 τὸ
531 2401 790 2453 καλούμενον
833 2400 1005 2439 ”Ολανα
1045 2396 1202 2452 σχεδὸν
1241 2396 1310 2438 ἐπὶ
1360 2394 1601 2450 δισχιλίους
1640 2396 1852 2441 σταδίους.

442 2481 518 2533 τὴν
556 2480 632 2532 μὲν
670 2478 752 2532 «γὰρ
791 2476 963 2531 πρώτην
1003 2476 1048 2515 ἐκ
1087 2477 1170 2516 τῶν
1208 2477 1356 2527 πηγῶν
1395 2474 1484 2529 ἔχει
1532 2472 1656 2528 ῥύσιν
1695 2475 1853 2526 ἁπλῆν,

447 2563 644 2619 σχίζεται
684 2561 717 2602 δ’
759 2558 906 2604 εςδύο
946 2557 1050 2612 μέρη
1092 2556 1201 2597 κατὰ
1252 2556 1348 2600 τοὺς
1408 2557 1853 2612 προσαγορευομένους

439 2639 746 2696 Τριγαβόλους’
788 2637 948 2679 τούτων
988 2635 1031 2677 δὲ
1065 2634 1112 2676 τὸ
1143 2634 1218 2687 μὲν
1249 2635 1388 2689 ἕτερον
1418 2633 1557 2686 στόμα
1584 2635 1850 2690 προσονομάῖ

441 2723 552 2771 ζεται
592 2716 755 2764 Παδόα,
796 2717 844 2758 τὸ
884 2715 918 2756 δ’
958 2715 1097 2770 ἕτερον
1131 2714 1314 2759 ”Ολανα.
1375 2716 1508 2759 κεῖται
1540 2712 1575 2753 δ’
1611 2712 1681 2754 ἐπὶ
1717 2713 1850 2767 τούτῳ
