1980 3290
416 296 506 345 294
597 298 1007 347 MONUMENTA
1039 299 1385 348 HISTORIOA
1419 299 1682 349 OELTIOA

418 427 606 481 πόλεμον
628 429 698 470 καὶ
720 428 795 480 τὴν
816 428 1041 484 συνέχειαν
1063 432 1144 471 τῶν
1166 431 1211 471 ἐκ
1232 431 1511 485 παρατάξεως
1539 429 1789 486 διακρίσεων
1811 428 1831 472 ὁ

416 505 576 560 χειμὼν
601 506 670 547 ἐπὶ
700 506 838 547 ποσὸν
870 507 1032 561 διεῖργε.
1093 507 1284 549 καθόλου
1314 509 1408 562 γάρ,
1432 509 1470 549 εἴ
1499 526 1560 552 τις
1592 507 1829 560 διανοηθείη

416 582 592 637 πύρινον
613 583 814 637 πόλεμον,
840 586 915 626 οὐκ
937 585 988 626 ἂν
1010 586 1149 640 ἕτερον
1171 586 1196 638 ἢ
1218 589 1366 627 τοῦτον
1389 586 1562 637 νοήσειε.

1533 661 1660 703 (xxxv.
1682 661 1728 703 1.)

499 754 716 794 LXXXV.
735 749 841 792 ''O‘n
863 751 1005 802 ἐπειδὴ
1027 751 1066 792 οἱ
1088 750 1353 806 Κελτίβηρες
1373 750 1532 807 ἀνοχὰς
1552 753 1830 805 ποιησάμενοι

413 828 518 884 πρὸς
554 831 736 884 Μάρκον
772 828 988 870 Κλαύδιον
1021 828 1092 870 τὸν
1124 829 1366 884 στρατηγὸν
1401 832 1484 870 τῶν
1518 828 1734 882 Ῥωμαίων
1764 830 1826 881 ἐξ·

413 907 676 949 απέστειλαν
713 906 787 952 τὰς
819 906 1055 961 πρεσβείας
1087 907 1143 951 εἰς
1175 906 1252 958 τὴν
1287 907 1460 960 Ῥώμην,
1497 908 1611 948 οὗτοι
1644 907 1719 960 μὲν
1752 906 1828 959 τὴν

412 984 598 1040 ἡσυχίαν
629 987 743 1038 ἦγον,
768 985 1098 1040 καραδοκοῦντες
1128 984 1203 1036 τὴν
1230 984 1453 1040 ἀπόφασιν
1475 989 1545 1037 τῆς
1567 985 1825 1039 συγκλήτου,

412 1064 590 1118 Μάρκος
621 1063 664 1105 δὲ
695 1063 963 1118 στρατεύσας
993 1063 1050 1107 εἷς
1081 1062 1176 1107 τοὺς
1210 1063 1486 1109 Λυσιτανούς,
1510 1063 1579 1104 καὶ
1610 1063 1686 1115 τὴν
1715 1065 1822 1118 Νερ-

411 1140 594 1196 κόβρικα
624 1141 753 1183 πόλιν
784 1141 893 1182 κατὰ
924 1143 1078 1196 κράτος
1109 1141 1228 1187 ἑλών,
1262 1143 1304 1183 ἐν
1336 1141 1543 1198 Κορδύβᾳ
1574 1141 1650 1193 τὴν
1683 1158 1821 1196 παρα-

409 1218 642 1274 χειμασίαν
656 1220 848 1260 ἐποιεῖτο.
910 1222 992 1260 τῶν
1016 1219 1058 1260 δὲ
1078 1218 1305 1274 πρέσβεων
1327 1219 1382 1263 εἰς
1404 1218 1479 1270 τὴν
1501 1218 1663 1271 Ῥώμην
1685 1236 1823 1274 παρα-

408 1296 640 1350 γενομένων
671 1296 768 1341 τοὺς
799 1297 874 1349 μὲν
914 1296 1033 1352 παρὰ
1064 1300 1147 1338 τῶν
1177 1299 1354 1338 Βελλῶν
1385 1297 1456 1338 καὶ
1495 1296 1687 1343 Τίττων,1
1730 1298 1824 1338 ὅσοι

409 1374 463 1415 τὰ
493 1374 710 1428 Ῥωμαίων
740 1375 928 1429 ᾑροῦντο,
962 1374 1249 1430 παρεδέξαντο
1280 1376 1443 1418 πάντας
1475 1375 1530 1418 εἷς
1572 1374 1648 1426 τὴν
1680 1374 1821 1420 πόλιν,

408 1452 504 1497 τοὺς
518 1452 560 1494 δὲ
581 1452 700 1508 παρὰ
714 1456 796 1494 τῶν
818 1454 1069 1507 ’Λραυακῶν
1085 1463 1098 1487 2
1120 1452 1253 1507 πέραν
1275 1457 1347 1494 τοῦ
1367 1452 1575 1507 Τιβέρεως
1596 1452 1824 1494 ἐκέλευσαν

408 1534 704 1581 κατασκηνοῦν
736 1531 804 1572 διὰ
835 1529 881 1572 τὸ
913 1530 1139 1583 πολεμίους
1161 1531 1382 1585 ὑπάρχειν,
1406 1531 1479 1574 ἕως
1498 1530 1820 1580 βουλεύσωνται

406 1609 502 1663 περὶ
534 1611 616 1650 τῶν
648 1609 772 1650 ὅλων·
833 1608 1055 1662 γενομένου
1087 1608 1130 1649 δὲ
1162 1612 1309 1663 καιροῦ
1342 1608 1447 1663 πρὸς
1482 1608 1676 1661 ἔντευξιν,
1711 1608 1821 1650 κατὰ

406 1685 535 1728 πόλιν
576 1685 595 1727 ὁ
631 1686 870 1741 στρατηγὸς
910 1686 1052 1739 εἰσῆγε
1090 1686 1283 1741 πρώτους
1322 1687 1417 1730 τοὺς
1458 1687 1722 1742 συμμάχους.
1783 1687 1822 1727 οἱ

406 1764 449 1805 δὲ
488 1763 641 1819 καίπερ
682 1765 796 1808 ὄντες
843 1766 1065 1820 βάρβαροι
1106 1763 1330 1806 διετίθεντο
1369 1764 1524 1817 λόγους
1564 1764 1635 1805 καὶ
1675 1764 1820 1808 πάσας

405 1842 652 1897 ἐξευκρινεῖν
682 1843 907 1897 ἐπειρῶντο
939 1842 1013 1886 τὰς
1044 1842 1259 1896 διαφοράς,
1284 1842 1598 1886 ὑποδεικνύντες
1619 1843 1684 1888 ὡς,
1708 1842 1818 1895 εἰμὴ

404 1920 697 1972 συστήσονται
738 1921 808 1961 καὶ
849 1920 1067 1972 τεύξονται
1107 1923 1179 1971 τῆς
1220 1920 1480 1974 ἁρμοζούσης
1521 1921 1738 1964 κολάσεως
1778 1921 1817 1961 οἱ

403 1997 757 2050 πεπολεμηκότες,
774 1997 1019 2053 παραυτίκα
1033 1998 1119 2050 μέν,
1136 1997 1456 2039 ἐπανελθόντων
1473 2000 1555 2039 τῶν
1572 1998 1815 2050 Ῥωμαϊκῶν

403 2075 703 2130 στρατοπέδων
724 2077 770 2116 ἐκ
792 2080 865 2128 τῆς
884 2075 1085 2131 Ἰβηρίας,
1110 2077 1154 2117 ἐκ
1176 2075 1315 2131 χειρὸς
1336 2076 1709 2130 προσεπιθήσουσι
1739 2076 1815 2128 τὴν

402 2152 521 2204 δίκην
551 2154 694 2198 αὐτοῖς
724 2156 777 2198 ὡς
807 2153 1034 2208 προδόταις
1065 2153 1271 2207 γεγονόσι,
1305 2153 1416 2209 ταχὺ
1447 2154 1490 2194 δὲ
1519 2155 1654 2195 πάλιν
1693 2154 1813 2195 αὐτοὶ

402 2236 624 2288 κινήσουσι
641 2238 903 2292 πραγμάτων
921 2237 1070 2291 ἀρχήν,
1087 2236 1158 2278 ἐὰν
1175 2235 1466 2288 ἁνεπιτίμητοι
1484 2237 1746 2291 διαφύγωσιν
1767 2238 1813 2278 ἐκ

400 2317 474 2365 τῆς
496 2314 665 2369 πρώτης
695 2314 915 2370 ἁμαρτίας,
939 2314 1126 2367 ἑτοίμους
1158 2314 1200 2355 δὲ
1230 2316 1393 2358 πάντας
1415 2313 1519 2369 πρὸς
1541 2311 1812 2366 καινοτομίαν

465 2658 473 2678 ¹
498 2660 566 2690 The
584 2659 667 2690 Belli
683 2659 750 2690 and
766 2659 873 2690 Titthi
891 2669 972 2690 were
990 2659 1153 2700 probably
1170 2659 1286 2689 clients
1302 2658 1336 2689 of
1353 2658 1409 2689 the
1426 2657 1604 2694 Arevacae,
1622 2657 1689 2688 and
1705 2656 1807 2688 dwelt

399 2710 434 2740 in
447 2710 523 2740 that
535 2713 611 2751 part,
623 2711 657 2741 of
670 2710 772 2751 Spain
784 2721 859 2741 now
871 2711 1030 2751 occupied
1044 2710 1088 2751 by
1101 2710 1158 2740 the
1172 2711 1344 2751 provinces
1358 2710 1391 2740 of
1405 2708 1639 2748 Guadahjara,
1653 2708 1803 2749 Segovia,

399 2761 492 2792 Soria
507 2761 574 2792 and
589 2761 742 2801 Zargoza.

476 2810 488 2830 ²
510 2812 579 2842 The
593 2811 761 2843 Arevacae
774 2812 876 2844 dwelt
889 2815 924 2844 to
939 2812 995 2843 tho
1009 2812 1109 2843 north
1123 2812 1156 2843 of
1170 2812 1226 2842 the
1242 2811 1325 2842 Belli
1338 2811 1405 2842 and
1419 2811 1535 2842 Titthi.
