1980 3290
395 268 483 316 224
544 265 956 315 MONUMENTA
998 264 1345 314 HISTORICA
1389 263 1653 313 OELTIOA

392 396 588 439 Ῥοδανὸν
611 396 833 438 Γαισάτων
865 397 1071 436 Γαλατῶν
1102 395 1156 439 εἰς
1186 393 1470 449 τρισμυρίους·
1508 394 1576 438 οὓς
1606 400 1804 450 παραλα-

390 475 539 526 βόντες
561 474 677 530 εἶχον
707 475 748 515 ἐν
781 473 944 527 ἑτοίμῳ,
978 473 1047 514 καὶ
1069 472 1341 528 προσεδόκων
1372 471 1447 524 τὴν
1478 475 1561 514 τῶν
1590 472 1806 526 πολεμίων

390 552 551 608 ἔφοδον.
612 553 651 594 οἱ
682 552 724 593 δὲ
755 554 838 593 τῶν
866 550 1081 604 Ῥωμαίων
1112 551 1344 606 στρατηγοὶ
1375 553 1448 601 τῆς
1478 549 1585 605 ὥρας
1621 551 1804 604 ἐπιΎενο-

390 631 512 685 μένης
534 629 825 680 ἀναλαβόντες
847 628 920 673 τὰς
942 629 1135 682 δυνάμεις
1157 629 1258 682 ἦγον
1273 628 1329 672 εἰς
1345 626 1421 679 τὴν
1438 630 1521 669 τῶν
1541 627 1807 683 Ἰνσόμβρων

391 709 549 765 χώραν,
571 707 901 764 παραγενόμενοι
925 706 966 748 δὲ
989 707 1058 748 καὶ
1081 705 1521 762 στρατοπεδεύσαντες
1542 707 1654 761 περὶ
1679 705 1808 748 πόλιν

390 787 609 843 Ἄχέρρας,
653 788 677 839 ἣ
717 785 874 840 μεταξὺ
910 789 1043 827 κεῖται
1076 789 1149 826 τοῦ
1186 783 1332 825 Πάδου
1364 783 1433 825 καὶ
1459 787 1540 826 τῶν
1572 784 1809 826 Ἀλπεινῶν

390 865 509 921 ὀρῶν,
543 864 818 920 ἐπολιόρκουν
843 863 1011 914 ταύτην.
1072 863 1111 905 οἱ
1141 862 1174 903 δ’
1196 863 1447 916 Ἴνσομβρες
1466 862 1640 913 βοηθεῖν
1663 862 1737 915 μὲν
1762 863 1808 903 οὐ

391 943 610 997 δυνάμενοι
647 942 713 984 διὰ
758 942 805 984 τὸ
847 942 1261 997 προκαταληφθῆναι
1303 939 1399 984 τοὺς
1438 942 1600 995 εὐφυεῖς
1640 939 1806 988 τόπους,

390 1021 639 1065 σπεύδοντες
671 1020 713 1062 δὲ
744 1025 876 1063 λῦσαι
912 1019 988 1072 τὴν
1022 1018 1274 1074 πολιορκίαν
1309 1020 1393 1060 τῶν
1424 1018 1653 1073 Ἀχερρῶν,
1687 1017 1808 1073 μέρος

390 1118 428 1141 τι
469 1104 542 1152 τῆς
582 1099 792 1153 δυνάμεως
834 1098 1169 1148 διαβιβάσαντες
1210 1096 1282 1138 ’Τὸν
1326 1096 1473 1138 Πάδον
1513 1097 1568 1141 εἰς
1609 1095 1684 1148 τὴν
1724 1098 1808 1138 τῶν

386 1178 577 1233 ’Λνάρων
607 1177 753 1233 χώραν
783 1175 1059 1231 ἐπολιόρκουν
1089 1175 1137 1216 τὸ
1167 1174 1584 1230 προσαγορευόμενον
1613 1173 1804 1215 Κλαστί-

390 1256 488 1298 διον.
550 1254 872 1311 προσπεσόντος
904 1254 946 1296 δὲ
977 1257 1050 1295 τοῦ
1081 1253 1393 1306 συμβαίνοντος
1424 1257 1508 1297 τοῖς
1540 1255 1805 1308 στρατηγοῖς,

388 1335 623 1384 ἀναλαβὼν
664 1334 758 1378 τοὺς
799 1334 940 1377 ἱππεῖς
981 1333 1158 1386 Μάρκος
1209 1331 1420 1376 Κλαύδιος
1461 1332 1531 1373 καὶ
1572 1333 1655 1373 τῶν
1694 1331 1805 1381 πεζι-

388 1414 474 1454 κῶν
506 1416 526 1438 ³³
561 1416 580 1438 ss
612 1411 808 1465 ἠπείγετο
840 1410 1034 1453 σπεύδων
1063 1411 1282 1461 βοηθῆσαι
1307 1413 1394 1454 τοῖς
1424 1408 1806 1465 πολιορκουμένοις.

386 1492 424 1533 οἱ
465 1491 507 1533 δὲ
548 1491 704 1533 Κελτοὶ
750 1489 977 1542 πυθόμενοι
1018 1487 1094 1540 τὴν
1134 1487 1374 1543 παρουσίαν
1415 1491 1497 1529 τῶν
1535 1486 1804 1534 ὑπεναντίων,

387 1570 593 1613 λύσαντες
615 1568 690 1621 τὴν
711 1567 963 1623 πολιορκίαν
987 1566 1181 1618 ὑπήντων
1204 1566 1273 1607 καὶ
1290 1566 1598 1621 παρετάξαντο.
1659 1568 1741 1607 τῶν
1764 1564 1807 1606 δὲ

387 1647 602 1701 Ῥωμαίων
633 1649 773 1690 αὐτοῖς
807 1649 892 1689 τοῖς
922 1645 1124 1687 ἱππεῦσιν
1155 1645 1201 1696 ἐξ
1239 1643 1391 1698 ἐφόδου
1427 1646 1645 1698 τολμηρῶς
1678 1643 1806 1698 σφίσι

386 1724 721 1781 προσπεσόντων
761 1724 835 1768 τὰς
874 1724 948 1777 μὲν
989 1722 1127 1778 ἀρχὰς
1176 1723 1384 1777 ἀντεῖχον,
1421 1722 1527 1775 μετὰ
1580 1722 1621 1763 δὲ
1672 1725 1806 1763 ταῦτα

387 1803 719 1859 περιισταμένων
741 1803 810 1844 καὶ
832 1801 942 1843 κατὰ
965 1802 1096 1844 νώτου
1118 1801 1188 1842 καὶ
1219 1800 1327 1842 κατὰ
1359 1800 1481 1856 κέρας
1512 1799 1803 1855 δυσχρηστού-

387 1900 500 1935 μενοι
532 1885 582 1936 τῇ
612 1882 733 1936 μάχῃ
754 1879 873 1924 τέλος
904 1880 1151 1934 ἐτράπησαν
1174 1878 1242 1920 ὑπ’
1265 1880 1403 1920 αὐτῶν
1431 1881 1513 1920 τῶν
1535 1877 1710 1925 ἱππέων,
1734 1877 1804 1919 καὶ

388 1960 545 2002 πολλοὶ
575 1959 650 2012 μὲν
683 1959 739 2003 εἰς
772 1958 844 2000 τὸν
879 1957 1072 2010 ποταμὸν
1104 1956 1356 2010 ἐμπεσόντες
1386 1956 1467 1998 ὑπὸ
1497 1959 1570 1998 τοῦ
1603 1956 1805 2012 ῥεύματος

389 2037 689 2093 διεφθάρησαν,
715 2037 753 2078 οί
774 2036 817 2077 δὲ
837 2035 1010 2079 πλείους
1036 2034 1117 2076 ὑπὸ
1143 2038 1225 2077 τῶν
1248 2034 1463 2087 πολεμίων
1490 2033 1801 2086 κατεκόπησαν.

388 2116 551 2165 ἔλαβον
585 2115 627 2156 δὲ
663 2115 733 2156 καὶ
769 2114 844 2158 τὰς
879 2112 1086 2169 Ἀχέρρας
1118 2114 1157 2155 οἱ
1182 2114 1389 2166 Ῥωμαῖοι,
1427 2111 1548 2154 σίτου
1579 2111 1800 2166 Γγεμούσας,
