1980 3290
382 268 470 314 194
556 267 969 315 MONUMENTA
1004 266 1351 314 HISTORIOA
1387 266 1651 315 CELTIOA

381 397 519 437 αὐτῶν
541 396 760 452 ὑπάρχειν,
776 398 969 451 παρορᾶν
989 395 1276 448 ἠναγκάζοντο
1298 394 1351 436 τὰ
1373 394 1482 436 κατὰ
1496 394 1573 447 τὴν
1588 395 1794 452 Ἰβηρίαν,

382 473 690 526 σπουδάζοντες
738 473 942 528 πρότερον
991 474 1033 514 ἐν
1081 477 1201 527 καλῷ
1251 472 1402 515 θέσθαι
1451 473 1504 515 τὰ
1544 473 1654 515 κατὰ
1703 475 1797 518 τοὺς

383 552 583 596 Κελτούς.
645 551 789 607 διόπερ
811 552 1157 606 ἀσφαλισάμενοι
1179 551 1231 592 τὰ
1251 550 1356 606 πρὸς
1369 551 1464 596 τοὺς
1481 552 1798 608 Καρχηδονίους

382 629 449 671 διὰ
489 632 573 672 τῶν
611 629 716 685 πρὸς
756 629 828 671 τὸν
866 629 1138 683 Ἀσδρούβαν
1178 627 1424 682 ὁμολογιῶν,
1466 629 1569 684 ὑπὲρ
1610 630 1665 672 ὧν
1705 630 1800 685 ἄρτι

383 704 690 757 δεδηλώκαμεν,
714 703 987 760 ἐνεχείρησαν
1010 702 1275 757 ὁμοθυμαδὸν
1289 704 1331 746 ἐν
1353 704 1514 749 τούτοις
1535 708 1620 749 τοῖς
1641 709 1801 760 καιροῖς

383 781 489 837 πρὸς
528 782 622 826 τοὺς
662 782 771 823 κατὰ
813 781 1001 826 Κελτοὺς
1040 781 1262 834 πολέμους,
1307 780 1539 834 νομίζοντες
1574 782 1802 838 συμφέρειν

385 858 512 916 σφίσι
533 860 580 901 τὸ
603 859 868 915 διακριθῆναι
889 859 994 914 πρὸς
1016 859 1200 903 τούτους·

1514 917 1564 961 (ii.
1585 919 1656 961 22.)

475 1013 619 1055 XVII.
653 1012 710 1054 Οἱ
740 1011 783 1053 δὲ
813 1013 1024 1053 Γαισάται
1058 1012 1253 1052 Γαλάται
1283 1012 1601 1064 συστησάμενοι
1629 1010 1803 1064 δύναμιν

387 1093 606 1142 πολυτελῆ
627 1090 699 1131 καὶ
720 1091 910 1144 βαρεῖαν,
934 1091 1035 1142 ἧκον
1058 1090 1340 1144 ὑπεράραντες
1362 1089 1435 1133 τὰς
1455 1090 1636 1133 ”Αλπεις
1657 1089 1712 1134 εἰς
1733 1089 1805 1131 τὸν

388 1167 534 1209 Πάδον
569 1167 774 1220 ποταμόν,
809 1168 890 1209 ἔτει
920 1167 1024 1220 μετὰ
1056 1166 1132 1218 τὴν
1163 1171 1235 1219 τῆς
1264 1168 1407 1222 χώρας
1438 1166 1627 1209 διάδοσιν
1657 1166 1804 1222 ὀγδόῳ.

389 1245 436 1287 τὸ
458 1245 532 1297 μὲν
553 1246 625 1287 οὖν
646 1248 729 1287 τῶν
758 1244 1023 1299 Ἰνσόμβρων
1055 1245 1125 1286 καὶ
1148 1244 1282 1286 Βοίων
1311 1244 1428 1298 γένος
1459 1244 1590 1297 ἔμεινε
1609 1244 1807 1298 γενναίως

391 1324 433 1365 ἐν
465 1327 555 1367 ταῖς
588 1323 635 1375 ἐξ
665 1323 800 1378 ἀρχῆς
832 1323 1071 1373 ἐπιβολαῖς,
1106 1322 1145 1363 οἱ
1177 1322 1210 1362 δ’
1242 1321 1439 1364 Οὑένετοι
1472 1323 1543 1364 καὶ
1579 1322 1808 1375 Γονομάνοι

392 1400 852 1455 διαπρεσβευσαμένων
892 1399 1108 1453 Ῥωμαίων
1142 1400 1303 1444 τούτοις
1342 1400 1510 1442 εἵλοντο
1551 1404 1807 1456 συμμαχεῖν·

393 1478 456 1521 διὸ
479 1478 549 1521 καὶ
569 1478 691 1533 μέρος
713 1496 753 1519 τι
784 1482 856 1530 τῆς
888 1478 1098 1530 δυνάμεως
1130 1481 1384 1520 καταλιπεῖν
1414 1479 1751 1531 ἠναγκάσθησαν
1772 1478 1811 1520 οἰ

392 1559 592 1608 βασιλεῖς
622 1558 705 1597 τῶν
736 1558 912 1597 Κελτῶν
943 1560 1138 1610 φυλακῆς
1168 1557 1296 1611 χάριν
1327 1560 1400 1608 τῆς
1429 1557 1573 1611 χώρας
1603 1555 1708 1611 πρὸς
1738 1555 1811 1598 τὸν

395 1635 482 1677 ἀπὸ
521 1633 680 1675 τούτων
713 1632 864 1689 φόβον.
925 1634 1044 1675 αὐτοὶ
1082 1633 1115 1674 δ’
1151 1634 1373 1688 ἐξάραντες
1413 1634 1543 1675 παντὶ
1583 1637 1640 1689 τῷ
1681 1652 1809 1689 στρα-

396 1713 570 1766 τεύματι
591 1711 1019 1766 κατατεθαρρηκότως
1040 1711 1254 1766 ὥρμησαν,
1276 1712 1515 1764 ποιούμενοι
1536 1711 1613 1764 τὴν
1639 1711 1813 1766 πορείαν

399 1794 451 1836 ὡς
479 1790 548 1833 ἐπὶ
581 1788 825 1845 Τυρρηνίας,
864 1790 1032 1846 ἔχοντες
1059 1789 1207 1842 πεζοὺς
1236 1789 1310 1843 μὲν
1339 1790 1394 1834 εἰς
1421 1789 1812 1845 πεντακισμυρίους,

400 1870 543 1913 ἱππεῖς
577 1867 620 1910 δὲ
655 1868 725 1909 καὶ
758 1866 991 1922 συνωρίδας
1032 1868 1087 1913 εἰς
1121 1866 1374 1923 δισμυρίους.
1453 1867 1650 1921 Ῥωμαῖοι
1688 1867 1722 1909 δ’
1764 1870 1816 1913 ὡς

402 1948 557 1990 θᾶττον
577 1946 766 1999 ἤκουσαν
796 1945 891 1990 τοὺς
919 1946 1106 1990 Κελτοὺς
1132 1945 1502 2000 ὑπερβεβληκέναι
1532 1945 1606 1990 τὰς
1624 1946 1815 1994 ”Αλπεις,

402 2024 578 2067 Λεύκιον
603 2024 678 2077 μὲν
710 2023 907 2077 Αἰμίλιον
939 2025 1101 2066 ὕπατον
1127 2023 1233 2077 μετὰ
1266 2023 1476 2077 δυνάμεως
1511 2023 1819 2076 ἐξαπέστειλαν

405 2106 458 2148 ὡς
510 2102 574 2145 ἐπ’
623 2101 850 2157 Ἀριμίνου,
904 2102 1144 2158 τηρήσοντα
1190 2101 1323 2155 ταύτῃ
1373 2105 1456 2144 τῶν
1506 2102 1704 2144 ἐναντίων
1743 2101 1819 2154 τὴν

406 2181 569 2237 ἔφοδον,
603 2180 674 2221 ἕνα
708 2179 750 2221 δὲ
780 2183 862 2221 τῶν
894 2180 1181 2232 ἑξαπελέκεων
1213 2180 1268 2224 εἰς
1297 2180 1544 2236 Τυρρηνίαν·
1586 2179 1606 2221 ὁ
1633 2180 1707 2234 μὲν
1738 2181 1819 2236 γὰρ

408 2260 544 2315 ἕτερος
565 2261 648 2300 τῶν
672 2258 843 2300 ὑπάτων
866 2259 988 2302 Γάιος
1009 2258 1194 2302 Ἀτίλιος
1225 2259 1574 2313 προεξεληλυθὼς
1595 2258 1744 2314 ἔτυχεν
1765 2260 1821 2305 εἰς

1353 2337 1362 2351 ,

409 2336 600 2393 Σαρδόνα
630 2336 733 2391 μετὰ
763 2339 846 2378 τῶν
873 2336 1185 2392 στρατοπέδων,
1215 2336 1255 2378 οἱ
1282 2336 1315 2378 δ’
1342 2354 1384 2378 εν
1411 2341 1462 2392 τῇ
1495 2337 1633 2391 Ῥώμῃ
1667 2339 1822 2383 πάντες

410 2415 610 2473 περιδεεῖς
641 2416 764 2470 ἦσαν,
800 2414 932 2470 μέγαν
956 2414 1026 2456 καὶ
1062 2414 1248 2474 φοβερὸν
1280 2415 1422 2461 αὑτοῖς
1447 2416 1823 2471 ὑπολαμβάνοντες
