1980 3290
361 290 450 338 204
511 291 922 339 MONUMENTA
966 291 1313 340 HISTORICA
1359 292 1619 343 OELTIGA

362 423 435 472 τῆς
458 419 679 472 δυνάμεως,
703 419 946 473 ποιούμενος
976 419 1052 472 τὴν
1081 421 1256 476 πορείαν
1284 421 1353 463 ἐπὶ
1385 421 1458 463 τὸν
1478 421 1774 478 προειρημένον

362 497 530 549 βουνόν.
591 499 630 540 οἱ
662 498 705 539 δὲ
737 501 819 539 τῶν
852 500 1060 540 Γαλατῶν
1085 498 1278 553 ἡγεμόνες
1308 500 1544 554 ἀφορῶντες
1576 499 1629 541 τὰ
1659 499 1774 555 πυρὰ

363 580 437 628 τῆς
459 576 606 620 νυκτὸς
629 577 698 619 καὶ
722 576 1070 630 συλλογιζόμενοι
1092 576 1167 629 τὴν
1189 577 1432 633 παρουσίαν
1457 580 1538 618 τῶν
1560 577 1774 630 πολεμίων

365 654 630 710 συνήδρευον.
691 655 751 699 οἷς
789 654 1068 709 Ἀνηροέστης
1100 654 1120 696 ὁ
1152 655 1360 705 βασιλεὺς
1389 656 1557 709 γνώμην
1590 654 1777 710 εἰσέφερε

365 733 502 786 λέγων
530 733 593 774 ὅτι
624 733 686 774 δεῖ
711 732 920 783 τοσαύτης
946 732 1064 776 λείας
1095 733 1307 788 ἐγκρατεῖς
1331 733 1657 787 γεγονότας-ἢν
1679 733 1773 788 γάρ,

367 814 419 856 ὡς
437 812 553 857 ἔοικε,
578 811 647 853 καὶ
668 810 717 851 τὸ
748 813 830 852 τῶν
851 811 1060 863 σωμάτων
1083 811 1152 853 καὶ
1186 811 1431 866 θρεμμάτων
1452 811 1628 862 πλῆθος,
1653 811 1713 852 ἔτι
1735 810 1778 852 δὲ

366 894 439 942 τῆς
475 891 714 940 ἀποσκευῆς
755 890 802 941 ἧς
843 888 970 944 εἶχον,
1013 889 1238 943 ἀμύθητον·
1293 888 1436 944 διόπερ
1478 889 1556 944 ἔφη
1598 889 1680 931 δεῖν
1720 888 1776 943 μὴ

367 968 614 1011 κινδυνεύειν
635 968 695 1009 ἔτι
715 967 819 1021 μηδὲ
849 967 1220 1023 παραβάλλεσθαι
1250 971 1335 1011 τοῖς
1355 968 1479 1015 ὅλοις,
1503 969 1603 1008 ἀλλ’
1627 968 1682 1011 εἰς
1703 966 1778 1019 τὴν

367 1047 522 1089 οἰκείαν
558 1046 686 1091 ἀδεῶς
721 1045 957 1099 ἐπανάγειν,
996 1049 1131 1087 ταῦτα
1167 1045 1201 1085 δ’
1239 1045 1668 1098 ἀποσκευασαμένους
1710 1045 1780 1087 καὶ

367 1125 609 1180 γενομένους
644 1125 842 1176 εὐζώνους
877 1124 996 1167 αὖθις
1031 1124 1233 1179 ἐγχειρεῖν
1269 1122 1523 1179 ὁλοσχερῶς,
1563 1124 1633 1166 ἐὰν
1666 1124 1778 1178 δοκῇ,

371 1208 455 1248 τοῖς
495 1202 709 1256 Ῥωμαίων
750 1204 1011 1258 πράγμασιν.
1074 1201 1272 1253 δόξαντος
1314 1201 1355 1242 δὲ
1396 1202 1523 1257 σφίσι
1556 1202 1665 1245 κατὰ
1707 1201 1782 1253 τὴν

373 1282 654 1338 ’Λνηροέστου
686 1281 854 1335 γνώμην
889 1280 1141 1335 χρήσασθαι
1182 1284 1265 1324 τοῖς
1300 1284 1521 1335 παροῦσιν,
1559 1281 1673 1323 οὗτοι
1712 1280 1785 1334 μὲν

374 1365 447 1413 τῆς
485 1360 632 1404 νυκτὸς
665 1363 799 1400 ταῦτα
833 1359 1182 1411 βουλευσάμενοι,
1209 1358 1292 1413 πρὸ
1324 1358 1461 1413 φωτὸς
1492 1359 1788 1411 ἀναζεύξαντες

375 1444 562 1496 προῆγον
603 1438 721 1493 παρὰ
763 1438 983 1478 θάλατταν
1025 1435 1093 1476 διὰ
1128 1440 1200 1487 τῆς
1240 1438 1463 1491 Τυρρηνῶν
1494 1438 1649 1492 χώρας·
1694 1435 1713 1477 ὁ
1748 1436 1790 1477 δὲ

377 1518 549 1561 Λεύκιος
591 1516 826 1567 ἀναλαβὼν
862 1515 908 1556 ἐκ
947 1518 1021 1556 τοῦ
1059 1516 1219 1564 βουνοῦ
1265 1514 1313 1555 τὸ
1362 1514 1667 1569 διασῳζόμενον
1719 1519 1791 1557 τοῦ

378 1595 669 1651 στρατοπέδου
723 1593 844 1649 μέρος
898 1594 986 1647 ἅμα
1041 1596 1131 1636 ταῖς
1184 1593 1307 1637 ἰδίαις
1363 1593 1564 1646 δυνάμεσι
1616 1594 1663 1634 τὸ
1718 1594 1793 1647 μὲν

380 1673 699 1716 διακινδυνεύειν
741 1673 787 1714 ἐκ
835 1673 1112 1728 παρατάξεως
1153 1671 1342 1724 οὐδαμῶς
1382 1672 1513 1727 ἔκρινε
1554 1673 1792 1728 συμφέρειν,

381 1754 590 1808 ἐπιτηρεῖν
624 1751 666 1792 δὲ
700 1756 869 1804 μᾶλλον
903 1750 1070 1806 καιροὺς
1103 1750 1172 1792 καὶ
1206 1749 1360 1794 τόπους
1389 1752 1550 1805 εὐφυεῖς
1583 1751 1793 1805 ἑπόμενος,

382 1832 453 1872 ἐάν
474 1831 557 1873 πού
587 1849 626 1872 τι
658 1831 840 1884 βλάψαι
871 1829 965 1873 τοὺς
996 1829 1223 1882 πολεμίους
1255 1828 1280 1880 ἢ
1302 1833 1375 1881 τῆς
1398 1828 1515 1873 λείας
1537 1830 1796 1871 ἀποσπάσαι

383 1910 550 1964 δυνηθῇ.

1505 1965 1555 2009 (ii.
1577 1968 1648 2008 26.)

475 2063 593 2103 XXI.
629 2057 753 2099 Κατὰ
785 2056 826 2098 δὲ
857 2057 951 2101 τοὺς
983 2056 1151 2112 καιροὺς
1182 2057 1354 2100 τούτους
1379 2057 1425 2098 ἐκ
1459 2055 1665 2112 Σαρδόνος
1691 2056 1797 2110 μετὰ

386 2143 469 2183 τῶν
492 2136 793 2194 στρατοπέδων
814 2136 937 2179 Γάιος
958 2134 1143 2178 Ἀτίλιος
1174 2133 1334 2178 ὕπατος
1365 2134 1420 2178 εἰς
1443 2133 1583 2178 Πίσας
1615 2153 1796 2177 καταπε-

387 2217 580 2262 πλευκὼς
620 2218 779 2270 προῆγε
818 2214 923 2267 μετὰ
957 2218 1029 2266 τῆς
1065 2212 1274 2266 δυνάμεως
1310 2213 1365 2256 εἰς
1398 2212 1570 2265 Ῥώμην,
1608 2212 1800 2255 ἐναντίαν

388 2296 632 2350 ποιούμενος
684 2296 769 2336 τοῖς
821 2292 1037 2345 πολεμίοις
1088 2291 1165 2343 τὴν
1215 2290 1400 2347 πορείαν.
1481 2291 1557 2343 ἤδη
1610 2291 1652 2332 δὲ
1703 2292 1799 2347 περὶ

389 2377 622 2428 Τελαμῶνα
677 2375 751 2423 τῆς
799 2370 1032 2427 Τυρρηνίας
1078 2373 1160 2412 τῶν
1206 2372 1380 2411 Κελτῶν
1427 2369 1718 2425 ὑπαρχόντων,
1763 2370 1802 2412 οἱ
