1980 3290
402 278 490 326 252
551 280 962 328 MONUMENTA
1008 280 1356 328 HISTORICA
1389 279 1654 328 OELTIOA

402 407 442 449 οἱ
461 407 670 451 νεα-νίσκοι
701 412 848 456 ταῦτα,
880 408 951 450 καὶ
983 408 1056 453 τὰς
1076 412 1222 465 χεῖρας
1252 408 1495 465 ἐξαίροντες,
1529 408 1702 465 εὔχοντο
1724 414 1810 455 τοῖς

402 485 519 532 θεοῖς,
543 485 739 528 σπεύδων
759 486 938 530 ἕκαστος
959 485 1084 530 αὐτὸς
1112 485 1309 539 γενέσθαι
1339 488 1422 528 τῶν
1440 485 1678 542 λαχόντων·
1719 487 1809 530 ἐπεὶ

424 563 433 577 ’
473 563 663 617 ἐδηλώθη
703 564 755 606 τὰ
795 564 904 606 κατὰ
945 564 1016 606 τὸν
1055 568 1224 620 κλῆρον,
1266 566 1377 618 ἦσαν
1409 565 1449 607 οἱ
1485 564 1560 619 μὲν
1592 565 1808 622 εἰληχότες

400 646 643 698 περιχαρεῖς
664 643 703 685 οἱ
733 643 765 684 δ’
788 643 915 684 ἄλλοι
947 642 1201 686 τούναντίον.
1260 643 1479 698 γενομένης
1505 643 1548 686 δὲ
1573 647 1646 696 τῆς
1665 644 1808 700 μάχης

400 721 481 776 οὐχ
512 721 639 773 ἦττον
670 720 919 776 ἐμακάριζον
951 720 991 762 οἱ
1029 719 1368 776 περιλειπόμενοι
1400 722 1483 762 τῶν
1522 719 1809 776 αἰχμαλώτων

401 798 473 840 τὸν
494 800 701 841 τεθνεῶτα
722 802 794 841 τοῦ
816 797 1077 850 νενικηκότος
1091 800 1144 844 ὡς
1165 801 1342 840 πολλῶν
1364 798 1433 840 καὶ
1454 797 1651 852 μεγάλων
1672 800 1812 840 κακῶν

403 876 559 919 ἐκείνου
577 877 653 931 μὲν
667 876 998 930 ἀπολελυμένον,
1015 879 1128 931 σφᾶς
1143 876 1175 918 δ’
1191 876 1341 921 αὐτοὺς
1364 875 1501 930 ἀκμὴν
1515 875 1810 930 ὑπομένοντας.

403 957 453 1008 ἣν
475 954 517 997 δὲ
538 954 828 1011 παραπλησία
849 955 919 996 καὶ
942 954 1037 1010 περὶ
1069 955 1163 999 τοὺς
1185 954 1374 999 πολλοὺς
1405 956 1487 996 τῶν
1509 953 1814 1010 Καρχηδονίων

404 1035 428 1086 ἡ
478 1032 699 1088 διάληψις·
750 1033 796 1074 ἐκ
844 1033 1119 1088 παραθέσεως
1166 1032 1248 1089 γὰρ
1289 1032 1570 1089 θεωρουμένης
1609 1036 1682 1085 τῆς
1731 1035 1814 1074 τῶν

404 1111 616 1165 ἀγομένων
647 1112 718 1153 καὶ
751 1112 914 1164 ζώντων
944 1110 1238 1167 ταλαιπωρίας
1269 1110 1438 1156 τούτους
1465 1111 1539 1165 μὲν
1559 1110 1722 1163 ἠλέουν,
1745 1110 1816 1152 τὸν

405 1190 446 1232 δὲ
467 1191 674 1233 τεθνεῶτα
695 1190 850 1234 πάντες
871 1190 1132 1245 ἐμακάριζον.

1511 1248 1576 1289 (iii.
1598 1247 1668 1289 62.)

491 1344 623 1384 XLV.
659 1342 716 1384 Οἱ
755 1342 798 1384 δὲ
838 1340 1217 1397 συστρατευόμενοι
1267 1342 1423 1384 Κελτοὶ
1474 1344 1559 1385 τοῖς
1598 1340 1816 1395 Ῥωμαίοις

406 1421 652 1477 θεωροῦντες
691 1419 1016 1476 ἐπικυδεστέρας
1052 1420 1125 1465 τὰς
1158 1422 1240 1462 τῶν
1280 1419 1585 1476 Καρχηδονίων
1624 1419 1814 1467 ἐλπίδας,

404 1498 709 1553 συνταξάμενοι
732 1498 836 1554 πρὸς
859 1497 1077 1551 ἀλλήλους
1091 1497 1237 1554 καιρὸν
1251 1497 1478 1553 ἐπετήρουν
1492 1497 1597 1553 πρὸς
1610 1497 1814 1545 ἐπίθεσιν,

403 1577 593 1631 μένοντες
626 1578 668 1619 ἐν
700 1580 791 1622 ταῖς
832 1577 990 1619 ἑαυτῶν
1031 1577 1205 1619 ἕκαστοι
1237 1580 1425 1629 σκηναῖς.
1487 1576 1813 1629 δειπνοποιησα-

403 1656 536 1710 μένων
558 1655 600 1698 δὲ
621 1656 692 1698 καὶ
714 1654 1130 1709 κατακοιμισθέντων
1151 1658 1234 1697 τῶν
1255 1656 1296 1697 ἐν
1317 1658 1374 1712 τῷ
1390 1655 1564 1711 χάρακι,
1587 1656 1816 1711 παρελθεῖν

404 1734 604 1778 ἐάσαντες
636 1733 683 1775 τὸ
716 1738 866 1776 πλεῖον
896 1733 1017 1789 μέρος
1050 1737 1122 1786 τῆς
1153 1732 1311 1780 νυκτός,
1345 1733 1691 1788 καθωπλισμένοι
1721 1733 1817 1790 περὶ

404 1812 480 1866 τὴν
501 1811 674 1865 ἑωθινὴν
688 1811 886 1868 φυλακὴν
900 1811 1157 1854 ἐπιτίθενται
1172 1815 1258 1857 τοῖς
1275 1811 1478 1866 σύνεγγυς
1500 1814 1582 1854 τῶν
1602 1811 1818 1866 Ῥωμαίων

403 1890 923 1947 παραστρατοπεδεύουσι.
984 1889 1054 1931 καὶ
1086 1889 1276 1934 πολλοὺς
1296 1889 1370 1943 μὲν
1391 1891 1530 1932 αὐτῶν
1552 1889 1814 1937 ἀπέκτειναν,

403 1971 479 2011 οὐκ
519 1969 688 2022 ὀλίγους
729 1969 771 2010 δὲ
811 1968 1221 2024 κατετραυμάτισαν·
1263 1967 1383 2012 τέλος
1426 1967 1469 2009 δὲ
1512 1967 1586 2012 τὰς
1625 1967 1814 2023 κεφαλὰς

403 2045 682 2100 ἀποτεμόντες
714 2049 797 2088 τῶν
829 2046 1063 2088 τεθνεώτων
1095 2045 1345 2101 ἀπεχώρουν
1376 2044 1481 2100 πρὸς
1511 2044 1606 2090 τοὺς
1638 2047 1811 2100 Καρχη-

403 2124 571 2173 δονίους,
614 2126 727 2170 ὄντες
767 2125 884 2176 πεζοὶ
923 2124 998 2178 μὲν
1038 2124 1093 2169 εἷς
1134 2123 1372 2180 δισχιλίους
1412 2123 1557 2168 ἱππεῖς
1597 2123 1640 2165 δὲ
1677 2127 1810 2179 μικρῷ

401 2203 619 2248 λείποντες
641 2203 878 2245 διακοσίων.
937 2202 1140 2253 Ἀννίβας
1162 2202 1204 2244 δὲ
1218 2201 1483 2258 φιλοφρόνως
1504 2201 1812 2256 ἀποδεξάμενος

403 2284 542 2324 αὐτῶν
563 2281 638 2334 τὴν
669 2280 922 2337 παρουσίαν,
946 2280 1118 2325 τούτους
1138 2281 1212 2334 μὲν
1242 2280 1391 2325 εὐθέως
1411 2279 1720 2335 παρακαλέσας
1740 2280 1812 2322 καὶ

403 2359 556 2415 δωρεὰς
577 2359 771 2404 ἑκάστοις
793 2358 867 2403 τὰς
898 2358 1161 2414 ἁρμοζούσας
1192 2358 1549 2412 ἐπαγγειλάμενος
1573 2357 1811 2413 ἐξέπεμψεν
