1980 3290
425 292 513 339 278
581 295 991 342 MONUMENTA
1025 297 1370 343 HISTORICA
1406 296 1670 343 CELTICA

423 421 592 467 πάντως
606 424 864 466 ἀποκτεῖναι.
925 428 1059 466 ταῦτα
1077 425 1119 466 δὲ
1136 425 1383 480 προθέμενοι
1399 424 1508 466 κατὰ
1529 423 1605 476 τὴν
1626 425 1829 466 ἐπιοῦσαν

421 499 704 554 ἐκαραδόκουν
726 500 801 553 τὴν
822 501 1064 557 παρουσίαν
1095 505 1177 544 τῶν
1198 501 1427 555 Ῥωμαίων,
1453 501 1641 555 ἑτοίμους
1663 501 1829 556 ἔχοντες

424 576 567 621 ἱππεῖς
589 578 644 622 εἷς
663 578 842 634 χιλίους.

514 692 645 732 LXX.
669 689 775 731 “Οτι
806 690 913 731 κατὰ
946 690 1039 734 τοὺς
1070 690 1238 746 καιροὺς
1261 691 1432 735 τούτους
1454 689 1563 731 κατὰ
1586 689 1660 742 τὴν
1681 688 1835 731 Ἀσίαν

427 767 580 810 Γναίου
616 771 688 810 τοῦ
724 770 807 809 τῶν
839 767 1056 821 Ῥωμαίων
1088 773 1329 823 στρατηγοῦ
1370 768 1763 823 παραχειμάζοντος
1796 768 1838 808 ἐν

424 843 604 898 Ἐφέσῳ,
657 842 766 884 κατὰ
816 842 888 884 τὸν
928 847 1169 885 τελευταῖον
1221 843 1410 885 ἐνιαυτὸν
1451 847 1523 894 τῆς
1564 841 1836 895 ὑποκειμένης

427 920 701 974 ὀλυμπιάδος,
725 920 1004 975 παρεγένοντο
1019 923 1248 975 πρεσβεῖαι
1264 921 1382 976 παρά
1405 939 1448 962 τε
1470 923 1552 962 τῶν
1574 918 1838 971 ζΕλληνίδων

427 998 594 1040 πόλεων
634 1001 716 1040 τῶν
756 998 824 1040 ἐπὶ
870 1002 942 1050 τῆς
982 998 1132 1043 Ἀσίας
1174 999 1243 1040 καὶ
1284 999 1384 1053 παρ’
1426 998 1576 1053 ἑτέρων
1615 996 1839 1043 πλειόνων,

426 1079 723 1131 συμφοροῦσαι
755 1077 991 1131 στεφάνους
1022 1081 1079 1131 τῷ
1110 1076 1246 1130 Γναίῳ
1281 1077 1347 1117 διὰ
1379 1076 1426 1117 τὸ
1458 1074 1713 1127 νενικηκέναι
1745 1073 1841 1118 τοὺς

429 1154 639 1198 Γαλάτας.
701 1154 885 1198 ἅπαντες
917 1154 999 1209 γὰρ
1033 1155 1072 1196 οἱ
1105 1154 1181 1206 τὴν
1214 1155 1282 1196 ἐπὶ
1309 1154 1407 1195 τάδε
1439 1158 1511 1195 τοῦ
1543 1153 1707 1208 Ταύρου
1740 1170 1840 1194 κατ-

428 1236 637 1276 οικοῦντες
669 1233 749 1287 οὐχ
790 1232 921 1276 οὕτως
961 1232 1183 1286 ἐχάρησαν
1223 1231 1451 1287 Ἀντιόχου
1489 1230 1733 1285 λειφθέντος
1774 1229 1843 1271 ἐπὶ

428 1314 485 1364 τῷ
526 1309 661 1350 δοκεῖν
701 1308 1002 1350 ἀπολελύσθαι
1043 1309 1150 1353 τινὲς
1189 1309 1263 1363 μὲν
1304 1308 1445 1364 φόρων
1485 1309 1524 1349 οἱ
1558 1308 1599 1349 δὲ
1642 1310 1840 1362 φρουρᾶς,

428 1385 616 1429 καθόλου
650 1386 691 1427 δὲ
725 1386 880 1430 πάντες
911 1388 1160 1435 βασιλικῶν
1192 1386 1551 1442 προσταγμάτων,
1587 1387 1640 1429 ὡς
1676 1385 1744 1426 ἐπὶ
1785 1388 1842 1438 τῷ

429 1464 500 1507 τὸν
521 1463 606 1506 ἀπὸ
629 1467 712 1505 τῶν
740 1463 981 1519 βαρβάρων
1012 1465 1152 1508 αὐτοῖς
1174 1463 1313 1518 φόβον
1343 1464 1594 1519 ἀφῃρῆσθαι
1616 1462 1685 1504 καὶ
1709 1461 1843 1503 δοκεῖν

427 1543 716 1598 ἀπηλλάχθαι
748 1546 821 1594 τῆς
852 1542 1012 1584 τούτων
1044 1544 1205 1598 ὕβρεως
1238 1543 1308 1584 καὶ
1331 1540 1609 1597 παρανομίας.
1671 1541 1776 1592 ἣλθε
1802 1539 1844 1580 δὲ

428 1621 497 1662 καὶ
539 1620 638 1675 παρ’
679 1618 906 1675 Ἀντιόχου
946 1621 1167 1664 ὒΙουσαῖος
1217 1620 1287 1661 καὶ
1338 1618 1455 1674 παρὰ
1505 1621 1587 1659 τῶν
1637 1619 1843 1658 Γαλατῶν

429 1697 705 1753 πρεσβευταί,
727 1697 983 1750 βουλόμενοι
1013 1698 1162 1750 μαθεῖν
1194 1698 1264 1739 ἐπὶ
1296 1696 1407 1738 τίσιν
1429 1695 1580 1739 αὐτοὺς
1602 1694 1663 1736 δεῖ
1681 1697 1840 1736 ποιεῖσ-

430 1778 500 1818 θαι
533 1775 609 1827 τὴν
641 1774 803 1830 φιλίαν.
858 1773 1007 1828 ὁμοίως
1041 1774 1083 1815 δὲ
1116 1775 1185 1816 καὶ
1217 1774 1333 1829 παρὰ
1360 1773 1618 1829 Ἀριαράθου
1653 1775 1726 1813 τοῦ
1760 1773 1842 1812 τῶν

430 1852 734 1895 Καππαδοκῶν
763 1851 996 1902 βασιλέως.
1032 1884 1039 1892 .
1074 1884 1082 1892 .
1117 1884 1124 1893 .
1158 1851 1177 1893 ὁ
1202 1852 1243 1893 δὲ
1274 1850 1513 1907 στρατηγὸς
1535 1849 1608 1893 τὰς
1629 1849 1703 1902 μὲν
1724 1847 1841 1903 παρὰ

429 1933 512 1972 τῶν
542 1928 709 1971 πόλεων
740 1929 973 1984 πρεσβείας
1004 1929 1149 1974 πάσας
1180 1928 1405 1973 ἐπαινέσας
1436 1928 1506 1970 καὶ
1529 1926 1841 1982 φιλανθρώπως

426 2007 735 2060 ἀποδεξάμενος
757 2007 1044 2059 ἐξαπέστειλε,
1078 2011 1163 2051 τοῖς
1196 2006 1237 2048 δὲ
1261 2006 1474 2050 Γαλάταις
1498 2004 1705 2060 ἀπεκρίθη
1735 2003 1841 2046 διότι

427 2084 764 2140 προσδεξάμενος
804 2084 968 2137 Εὐμένη
1010 2083 1082 2126 τὸν
1120 2084 1323 2135 βασιλέα,
1369 2083 1463 2125 τότε
1502 2082 1726 2134 ποιήσεται
1766 2080 1839 2125 τὰς

426 2162 530 2218 πρὸς
552 2161 703 2206 αὐτοὺς
724 2163 948 2214 συνθήκας.

1649 2272 1664 2282 ›-

514 2275 668 2315 LXXI.
693 2271 799 2313 ‘'O'n
838 2270 1076 2327 Ὀρτιάγων
1116 2270 1136 2312 ὁ
1178 2271 1385 2322 Γαλάτης,
1420 2273 1502 2312 τῶν
1534 2272 1576 2312 ἐν
1617 2288 1666 2324 τῃ
1704 2268 1835 2325 Ἀσία

427 2350 685 2398 Βασιλεύων,
719 2349 958 2400 ἐπεβάλετο
991 2348 1066 2400 τὴν
1096 2348 1297 2390 ἁπάντων
1330 2351 1412 2390 τῶν
1445 2350 1651 2389 Γαλατῶν
1684 2346 1834 2388 δυνασ-

427 2428 542 2471 τείαν
559 2428 614 2472 εἰς
635 2428 763 2469 αὑτὸν
792 2430 1073 2480 μεταστῆσαι,
1107 2426 1176 2467 καὶ
1207 2425 1354 2467 πολλὰ
1379 2424 1483 2481 πρὸς
1505 2429 1627 2467 τοῦτο
1649 2423 1695 2465 τὸ
1715 2423 1836 2479 μέρος

427 2506 574 2562 ἐφόδια
606 2505 892 2561 προσεφέρετο
925 2504 995 2546 καὶ
1029 2503 1154 2558 φύσει
1188 2504 1257 2545 καὶ
1291 2505 1432 2559 τριβῇ.
1504 2503 1572 2544 καὶ
1605 2502 1686 2558 γὰρ
1727 2503 1834 2556 εὐερ-

426 2582 588 2637 γετικὸς
610 2584 660 2636 ἦν
682 2583 751 2624 καὶ
772 2581 1081 2637 μεγαλόψυχος
1112 2581 1181 2622 καὶ
1213 2580 1322 2622 κατὰ
1354 2580 1427 2624 τὰς
1449 2579 1646 2632 ἐντεύξεις
1667 2579 1837 2634 εὔχαρις
