1980 3290
349 251 437 299 238
507 246 920 297 MONUMENTA
952 246 1301 295 HISTORICA
1335 245 1600 294 CELTIGA

350 379 426 432 τὴν
456 379 511 424 εἰς
543 377 733 420 Ἰταλίαν
770 375 994 431 πορείαν,
1030 375 1135 431 πρὸς
1171 375 1214 418 δὲ
1246 374 1408 420 τούτοις
1449 377 1474 428 ἡ
1515 379 1589 427 τῆς
1618 374 1763 430 χώρας

353 456 606 511 γενναιότης,
644 456 698 500 εἰς
730 457 781 508 ἢν
813 453 1051 510 ἀφίξονται,
1085 454 1156 496 καὶ
1191 454 1239 495 τὸ
1270 453 1456 507 μέγεθος,
1495 454 1555 495 ἔτι
1595 453 1638 494 δὲ
1678 455 1762 494 τῶν

353 535 515 591 ἀνδρῶν
536 537 561 587 ἡ
582 532 809 590 προθυμία,
831 532 919 586 μεθ’
946 533 1002 575 ὧν
1021 531 1231 586 μέλλουσι
1248 532 1464 574 ποιεῖσθαι
1486 531 1581 576 τοὺς
1596 531 1764 585 ἀγῶνας

353 613 458 669 πρὸς
479 612 554 658 τὰς
574 615 660 655 τῶν
683 610 899 665 Ῥωμαίων
921 611 1126 665 δυνάμεις.

1460 669 1524 710 (iii.
1543 668 1615 710 44.)

441 765 694 806 XXXVIII.
728 763 778 805 ‘O
801 763 843 805 δὲ
865 763 1058 809 Ῥοδανὸς
1089 763 1176 819 ἔχει
1207 763 1282 808 τὰς
1310 763 1385 817 μὲν
1405 763 1544 817 πηγὰς
1565 763 1669 818 ὑπὲρ
1691 761 1765 805 τὸν

354 841 621 899 Ἀδριατικὸν
668 842 807 898 μυχὸν
851 841 956 898 πρὸς
1000 842 1076 895 τὴν
1117 841 1302 897 ἑσπέραν
1343 841 1554 889 νευούσας,
1595 843 1637 883 ἐν
1678 844 1764 885 τοῖς

355 917 638 960 ἀποκλίνουσι
667 917 811 974 μέρεσι
842 921 926 960 τῶν
951 919 1153 960 ’Ἀλπεων
1182 920 1235 962 ὡς
1256 917 1361 973 πρὸς
1391 917 1466 962 τὰς
1488 917 1678 973 ἄρκτους,
1701 916 1764 971 ῥεῖ

355 997 397 1039 δὲ
437 996 543 1052 πρὸς
583 995 720 1041 δύσεις
758 997 1024 1052 χειμερινάς,1
1054 996 1263 1046 ἐκβάλλει
1305 996 1339 1037 δ’
1379 995 1434 1040 εἰς
1480 995 1529 1037 τὸ
1564 994 1763 1051 Σαρδῷον

354 1075 554 1129 πέλαγος.
614 1073 785 1130 φέρεται
808 1073 842 1115 δ’
863 1075 932 1116 ἐπὶ
954 1074 1067 1116 πολὺ
1096 1074 1146 1116 δι’
1177 1075 1378 1122 αὐλῶνος,
1402 1074 1450 1115 οὗ
1471 1072 1574 1129 πρὸς
1593 1073 1668 1127 μὲν
1689 1072 1764 1117 τὰς

355 1153 533 1209 ἄρκτους
543 1152 720 1208 ’Άρδυες
745 1152 930 1194 Κελτοὶὲ
958 1156 1215 1200 κατοικοῦσι,
1238 1152 1314 1205 τὴν
1339 1152 1374 1194 δ’
1391 1151 1476 1193 ἀπὸ
1496 1150 1766 1207 μεσημβρίας

355 1233 483 1274 αὐτοῦ
517 1229 709 1286 πλευρὰν
737 1228 922 1286 ὁρίζουσι
949 1234 1097 1273 πᾶσαν
1125 1231 1176 1272 αἱ
1205 1230 1310 1286 πρὸς
1340 1229 1496 1286 ἄρκτον
1523 1228 1765 1283 κεκλιμέναι

355 1313 438 1352 τῶν
460 1310 661 1351 ’Ἀλπεων
695 1309 938 1364 παρώρειαι.
998 1308 1050 1350 τὰ
1082 1308 1124 1350 δὲ
1154 1308 1279 1351 πεδία
1306 1308 1358 1350 τὰ
1386 1308 1482 1363 περὶ
1504 1307 1576 1349 τὸν
1604 1307 1763 1355 Πάδον,

356 1388 461 1444 ὑπὲρ
503 1388 558 1430 ὧν
598 1388 695 1440 ἡμῖν
737 1387 897 1442 εἴρηται
939 1386 1006 1428 διὰ
1046 1386 1266 1434 πλειόνων,
1311 1386 1396 1428 ἀπὸ
1437 1391 1511 1428 τοῦ
1548 1386 1655 1427 κατὰ
1693 1385 1766 1427 τὸν

355 1465 552 1508 Ῥοδανὸν
582 1466 770 1510 αὐλῶνος
793 1464 1132 1519 διαζευγνύουσιν
1153 1465 1198 1507 αἱ
1218 1467 1301 1507 τῶν
1328 1464 1637 1521 προειρημένων
1659 1464 1765 1520 ὀρῶν

355 1544 590 1600 ἀκρώρειαι,
612 1542 919 1597 λαμβάνουσαι
941 1543 1016 1595 τὴν
1037 1543 1175 1598 ἀρχὴν
1195 1542 1280 1585 ἀπὸ
1310 1543 1579 1588 ΚΙασσαλίας
1602 1545 1674 1588 ἕως
1697 1544 1765 1585 ἐπὶ

356 1622 428 1665 τὸν
460 1626 534 1665 τοῦ
564 1620 724 1666 παντὸς
759 1621 909 1677 Ἀδρία
929 1621 1082 1677 μυχόν·
1124 1621 1172 1666 ἃς
1203 1620 1290 1663 τόθ’
1323 1622 1533 1677 ὑπεράρας
1563 1621 1766 1672 Ἀννίβας

356 1700 441 1743 ἀπὸ
463 1703 546 1743 τῶν
567 1700 677 1742 κατὰ
698 1699 770 1742 τὸν
790 1698 987 1741 Ῥοδανὸν
1008 1698 1151 1741 τόπων
1172 1699 1376 1750 ἐνέβαλεν
1398 1699 1454 1744 εἷς
1475 1698 1677 1741 Ἰταλίαν-

1461 1769 1525 1809 (iii.
1545 1768 1617 1810 47.)

444 1868 648 1908 XXXIX.
681 1866 884 1918 Ἀννίβας
918 1866 950 1908 δ’
986 1868 1027 1908 ἐν
1063 1867 1232 1923 ἡμέραις
1268 1868 1367 1910 δέκα
1399 1869 1614 1924 πορευθεὶς
1647 1869 1764 1925 παρὰ

357 1945 428 1987 τὸν
449 1945 640 1999 ποταμὸν
672 1946 727 1990 εἰς
758 1945 1032 1990 ὀκτακοσίους
1059 1945 1256 1991 σταδίους
1286 1947 1443 2001 ἤρξατο
1465 1951 1537 1999 τῆς
1558 1947 1662 2002 πρὸς
1692 1948 1766 1992 τὰς

351 2025 531 2068 ”Αλπεις
565 2024 797 2076 ἀναβολῆς,
831 2024 901 2065 καὶ
932 2023 1094 2075 συνέβη
1120 2023 1336 2078 μεγίστοις
1364 2025 1491 2067 αὐτὸν
1521 2030 1765 2081 περιπεσεῖν

359 2101 572 2146 κινδύνοις.
634 2102 707 2146 ἕως
738 2102 816 2155 μὲν
840 2101 922 2156 γὰρ
947 2102 988 2142 ἐν
1021 2105 1107 2146 τοῖς
1134 2102 1347 2147 ἐπιπέδοις
1380 2104 1502 2156 ἦσαν,
1534 2103 1764 2159 ἀπείχοντο

360 2179 515 2224 πάντες
536 2180 675 2222 αὐτῶν
697 2180 736 2221 οἶ
757 2179 866 2221 κατὰ
895 2178 1017 2234 μέρος
1048 2179 1242 2233 ἡγεμόνες
1273 2184 1355 2222 τῶν
1376 2181 1690 2237 Ἀλλοβρίγων,
1713 2182 1766 2223 τὰ

359 2258 434 2311 μὲν
466 2257 562 2302 τοὺς
593 2258 736 2302 ἱππεῖς
768 2257 944 2302 δεδιότες
979 2257 1032 2298 τὰ
1068 2257 1110 2299 δὲ
1141 2259 1235 2303 τοὺς
1265 2259 1630 2314 παραπέμποντας
1657 2262 1765 2315 βαρ-

359 2337 534 2391 βάρους·
571 2335 713 2388 ἐπειδὴ
737 2336 771 2377 δ’
792 2337 940 2377 ἐκεῖνοι
969 2336 1044 2388 μὲν
1065 2336 1119 2380 εἰς
1141 2336 1216 2389 τὴν
1247 2335 1402 2378 οἰκείαν
1433 2338 1766 2392 ἀπηλλάγησαν,

362 2414 401 2455 οἱ
422 2413 464 2455 δὲ
485 2414 580 2468 περὶ
602 2413 674 2456 τὸν
695 2413 900 2464 Ἀννίβαν
921 2415 1102 2468 ἤρξαντο
1124 2415 1327 2469 προάγειν
1340 2415 1395 2460 εἰς
1416 2415 1490 2460 τὰς
1513 2415 1766 2471 δυσχωρίας,

362 2491 456 2534 τότε
477 2491 832 2548 συναθροίσαντες
854 2493 893 2534 οἱ
913 2495 996 2534 τῶν
1016 2491 1318 2548 Ἀλλοβρίγων
1349 2493 1545 2547 ἡγεμόνες
1567 2493 1710 2536 ἱκανόν
1731 2512 1771 2536 τι
