1980 3290
413 253 501 300 138
562 253 974 300 MONUMENTA
1004 253 1352 300 HISTORIOA
1385 253 1650 300 OELTIOA

412 382 729 438 imminentes,
755 381 934 444 legatos
956 383 1019 429 ad
1039 399 1196 444 regem
1223 382 1466 439 miserunt,
1491 381 1573 446 qui
1593 399 1760 445 pacem
1781 381 1823 430 ei

413 462 629 509 venalem
662 463 899 518 offerrent,
936 461 1075 509 simul
1108 468 1156 508 et
1188 463 1307 524 regis
1341 468 1495 509 castra
1529 463 1820 525 specularen-

413 550 504 591 tur.
572 544 699 600 Quos
724 544 990 606 Antigonus
1016 560 1101 605 pro
1127 543 1270 605 regali
1294 543 1617 590 munificentia
1642 543 1823 606 ingenti

413 631 648 687 apparatu
668 624 915 687 epularum
936 625 998 670 ad
1019 640 1214 670 coenam
1235 623 1474 670 invitavit.
1512 661 1520 669 .
1559 661 1567 669 .
1606 661 1614 670 .
1650 624 1822 686 Itaque

412 705 553 768 legati
591 706 653 752 ad
691 722 798 752 suos
836 705 1008 751 reversi
1046 704 1203 750 omnia
1241 704 1290 750 in
1326 704 1478 750 maius
1528 703 1819 759 extollentes,

413 803 523 848 opes
555 786 732 849 pariter
764 791 813 831 et
845 785 1179 848 negligentiam
1211 784 1329 846 regis
1363 785 1632 831 ostendunt.
1669 821 1679 832 .
1715 820 1726 832 .
1762 820 1773 831 .

1412 866 1453 907 (J
1455 867 1560 906 ustin,
1579 877 1663 899 xxv,
1685 867 1730 906 1.)

502 968 687 1014 XVIII.
723 968 829 1013 Hac
871 966 1097 1013 relatione
1128 965 1295 1012 avidae
1337 965 1488 1028 gentis
1523 964 1668 1011 animi
1708 963 1822 1011 satis

414 1049 475 1094 ad
497 1049 726 1110 praedam
746 1047 1071 1094 incitabantur
1091 1064 1100 1103 3
1145 1048 1401 1093 accedebat
1418 1052 1579 1093 tamen
1597 1051 1645 1092 et
1667 1062 1820 1092 exem—

411 1129 545 1190 plum
586 1128 749 1190 Belgii‚
794 1128 876 1191 qui
916 1145 1012 1174 non
1052 1144 1225 1189 magno
1267 1133 1378 1173 ante
1418 1132 1630 1189 tempore
1670 1127 1821 1173 Mace-

413 1210 592 1255 donum
637 1209 895 1255 exercitum
944 1226 1053 1255 cum
1098 1225 1203 1270 rege
1249 1208 1583 1254 trucidaverat.
1649 1208 1822 1269 Itaque

414 1290 815 1337 consentientibus
852 1290 1071 1337 omnibus
1101 1295 1240 1336 nocte
1269 1295 1424 1336 castra
1454 1289 1573 1351 regis
1608 1287 1820 1350 adgredi-

413 1377 559 1418 untur
580 1388 588 1418 :
624 1371 705 1434 qui
725 1371 1045 1432 praesentiens
1067 1376 1257 1416 tantam
1278 1375 1613 1431 tempestatem
1637 1368 1823 1430 signum

412 1451 562 1514 pridie
591 1452 800 1507 dederat,
831 1456 887 1497 ut
916 1450 1136 1497 omnibus
1164 1451 1303 1497 rebus
1332 1450 1503 1497 ablatis
1531 1449 1580 1495 in
1607 1448 1823 1511 proxima

414 1533 533 1580 silva
582 1531 720 1578 taciti
769 1549 817 1578 se
866 1531 1172 1578 occultarent.
1238 1533 1403 1593 Neque
1452 1530 1588 1576 aliter
1636 1534 1824 1576 servata

415 1619 584 1670 castra,
609 1630 755 1676 quam
776 1614 905 1676 quod
927 1614 1111 1659 deserta
1144 1618 1255 1659 sunt
1277 1629 1285 1658 ι
1321 1611 1552 1674 siquidem
1584 1610 1718 1666 Galli,
1742 1610 1825 1657 ubi

414 1694 572 1742 omnia
603 1694 825 1741 vacantia
860 1712 945 1741 nec
980 1695 1079 1741 sine
1114 1694 1436 1741 defensoribus
1470 1693 1626 1748 modo,
1659 1708 1824 1738 verum

414 1776 560 1822 etiam
595 1775 693 1821 sine
727 1775 1001 1822 custodibus
1035 1775 1215 1830 Vident,
1252 1792 1348 1821 non
1393 1775 1555 1835 fugam
1599 1772 1820 1827 hostium,

415 1857 497 1903 sed
523 1855 686 1902 dolum
713 1856 1013 1911 arbitrantes,
1044 1856 1126 1902 diu
1153 1856 1330 1902 intrare
1356 1861 1519 1918 portas
1545 1854 1820 1900 timuerunt.

414 1937 491 1984 Ad
515 1942 810 1999 postremum
834 1936 1030 1998 integris
1063 1942 1110 1982 et
1142 1936 1334 1982 intactis
1358 1934 1668 1982 munimentis
1701 1951 1824 1980 scru-

414 2022 573 2064 tantes
608 2017 767 2079 potius
800 2035 945 2079 quam
977 2017 1238 2079 diripientis
1270 2023 1424 2063 castra
1457 2021 1820 2078 occupaverunt.

416 2099 547 2145 Tunc
576 2097 747 2144 ablatis
777 2114 897 2159 quae
920 2097 1213 2152 invenerant,
1238 2098 1299 2143 ad
1328 2097 1439 2143 litus
1465 2101 1820 2143 convertuntur.

416 2176 490 2224 Ibi
531 2177 646 2223 dum
684 2194 829 2223 naves
873 2177 1109 2223 incautius
1144 2176 1388 2238 diripiunt,
1426 2194 1453 2222 a
1488 2176 1740 2238 remigibus
1775 2181 1824 2221 et

415 2258 476 2303 ab
498 2257 730 2303 exercitus
751 2262 901 2319 parte,
931 2274 1051 2319 quae
1075 2274 1128 2303 eo
1156 2274 1265 2303 cum
1291 2256 1567 2319 coniugibus
1594 2262 1642 2302 et
1668 2255 1822 2302 liberis

417 2339 739 2400 confugerant,
756 2338 872 2384 nihil
891 2338 986 2384 tale
1004 2343 1268 2384 metuentes
1289 2337 1613 2384 trucidantur:
1662 2342 1820 2383 tanta-

417 2435 508 2481 que
538 2420 703 2465 caedes
734 2418 975 2465 Gallorum
999 2418 1104 2473 fuit,
1128 2423 1183 2464 ut
1204 2418 1441 2480 Antigono
1471 2434 1638 2479 pacem
1663 2416 1821 2478 opinio
