1980 3290
404 271 462 319 72
561 272 971 319 MONUMENTA
1005 271 1352 318 HISTORICA
1388 269 1653 317 CELTICA

405 417 681 464 quanquam
703 401 801 463 ipse
824 417 919 447 non
942 406 1172 457 cernatur,
1199 399 1354 446 vicino
1378 405 1539 445 tamen
1562 397 1807 460 splendore

403 481 620 544 proxima
666 481 900 537 illustrat;
936 497 1018 543 per
1051 480 1306 527 solstitium
1337 496 1448 526 vero
1480 478 1648 534 nullae,
1685 477 1813 540 quod

405 567 512 608 tum
556 562 656 624 jam
701 561 995 608 manifestior
1040 578 1136 607 non
1182 561 1361 623 fulgore
1408 559 1564 615 modo,
1613 559 1695 605 sed
1742 557 1814 605 sui

406 659 594 705 quoque
615 648 802 704 partem
824 642 1084 689 maximam
1105 647 1328 688 ostentat.

890 724 1125 768 (Pomponius
1141 723 1245 762 Mela,
1266 723 1305 756 de
1323 723 1402 756 Situ
1424 721 1534 760 Orbis,
1551 722 1599 755 iii.
1619 731 1647 754 c.
1667 722 1715 763 6.)

498 829 663 875 XXII.
701 828 774 875 Sic
800 829 856 875 fit
881 834 950 884 ut,
969 827 1101 875 vario
1128 827 1242 874 lucis
1269 826 1570 882 incremento,
1593 825 1641 872 in
1660 826 1816 872 Meroe

408 908 703 971 longissimus
746 909 844 957 dies
887 910 989 956 XII
1032 909 1170 956 horas
1215 906 1579 970 aequinoctiales
1613 912 1661 952 et
1705 912 1815 953 octo

408 996 566 1051 partes
588 990 726 1037 unius
758 991 902 1037 horae
941 990 1157 1052 colligat:
1194 988 1506 1035 Alexandriae
1538 1004 1649 1034 vero
1696 987 1815 1034 XIV

409 1070 578 1118 horas:
642 1071 692 1117 in
737 1070 877 1118 Italia
922 1072 1044 1118 XV:
1108 1070 1157 1116 in
1202 1068 1449 1115 Britannia
1495 1069 1654 1115 XVII.
1720 1065 1816 1114 Ubi

410 1157 591 1198 aestate
619 1151 802 1198 lucidae
839 1157 1014 1207 noctes,
1043 1151 1171 1197 haud
1210 1149 1351 1196 dubie
1390 1147 1730 1211 repromittunt
1768 1147 1816 1193 id

411 1232 540 1294 quod
576 1232 701 1294 cogit
735 1231 858 1278 ratio
895 1231 1049 1288 credi3
1105 1230 1293 1277 solstitii
1329 1230 1494 1276 diebus
1531 1228 1816 1275 accendente

411 1313 514 1360 Sole
543 1313 736 1375 propius
766 1312 992 1359 verticem
1022 1311 1200 1368 mundi,
1236 1316 1436 1372 angusto
1470 1309 1584 1356 lucis
1616 1308 1815 1365 ambitu,

410 1393 623 1456 subJ'ecta
646 1399 798 1440 terrae
821 1392 1068 1440 continuos
1087 1392 1184 1438 dies
1207 1392 1378 1437 habere
1408 1389 1528 1436 senis
1548 1388 1785 1436 mensibus
1806 1405 1815 1445 ;

409 1480 663 1537 noctesque
694 1491 718 1520 e
748 1473 931 1520 diverso
961 1473 1023 1520 ad
1052 1473 1271 1519 brumam
1299 1477 1494 1517 remoto.
1563 1470 1699 1526 Quod
1720 1468 1819 1516 fieri

413 1554 462 1601 in
504 1553 656 1601 insula
702 1554 849 1601 Thule
893 1554 1103 1616 Pytheas
1147 1551 1449 1599 Massiliensis
1494 1550 1692 1612 scripsit,
1739 1566 1821 1596 sex

413 1635 595 1682 dierum
637 1635 940 1697 navigatione
982 1634 1031 1680 in
1074 1632 1461 1695 septemtrionem
1501 1649 1529 1678 a
1573 1630 1819 1678 Britannia

412 1716 632 1763 distante.

957 1797 1107 1839 (Plinius
1124 1796 1320 1835 secundus,
1339 1796 1431 1829 Hist.
1446 1794 1529 1828 Nat.
1543 1795 1577 1827 ii.
1601 1805 1629 1827 c.
1650 1794 1722 1835 77.)

502 1901 694 1948 XXIII.
731 1901 904 1947 Omnes
947 1906 1109 1946 autem
1136 1905 1294 1945 aestus
1336 1898 1384 1944 in
1421 1898 1606 1944 Oceano
1640 1896 1819 1957 majora

413 1982 630 2045 integunt
646 1981 798 2044 spatia
813 1981 1152 2043 mundantque,
1171 1997 1315 2042 quam
1330 1979 1377 2024 in
1391 1978 1568 2041 reliquo
1585 1977 1716 2023 mari.
1741 2014 1749 2023 .
1774 2014 1783 2023 .
1808 2014 1817 2022 .

418 2062 668 2126 Octogenis
722 2061 893 2109 cubitis
947 2078 1086 2123 supra
1143 2060 1442 2107 Britanniam
1494 2059 1801 2105 intumescere

417 2151 574 2191 aestus
594 2144 801 2206 Pytheas
821 2141 1118 2189 Massiliensis
1138 2147 1305 2188 auctor
1324 2146 1408 2187 est.

1405 2221 1528 2264 (Idem,
1547 2222 1581 2254 ii.
1600 2233 1629 2254 c.
1650 2221 1722 2262 99.)

505 2331 687 2378 XXIV.
734 2329 957 2391 Dispecta
1007 2334 1078 2374 est
1125 2333 1173 2374 et
1221 2326 1381 2382 Thule,
1433 2324 1544 2388 quia
1593 2324 1822 2370 hactenus

419 2413 615 2476 jussum,
655 2417 704 2457 et
739 2410 887 2457 hiems
923 2409 1194 2472 appetebat.
1261 2407 1351 2454 Sed
1387 2423 1515 2452 mare
1550 2404 1739 2467 pigrum
1775 2409 1824 2450 et

418 2509 560 2555 grave
601 2490 971 2553 remigantibus3
1031 2488 1281 2551 perhibent
1322 2503 1381 2533 ne
1427 2484 1582 2532 ventis
1631 2484 1826 2547 quidem

416 2572 611 2637 proinde
660 2571 846 2628 attolli3
898 2570 1048 2626 credo,
1085 2569 1213 2632 quod
1257 2566 1453 2614 rariores
1497 2571 1650 2612 terrae
1693 2580 1824 2611 mon-

417 2659 597 2716 tesque,
632 2669 772 2699 causa
806 2668 860 2698 ac
891 2649 1088 2698 materia
1121 2653 1474 2710 tempestatum,
1510 2651 1558 2692 et
1590 2644 1824 2708 profunda

418 2734 567 2782 moles
606 2732 818 2780 continui
850 2730 992 2779 maris
1036 2729 1216 2777 tardius
1260 2727 1526 2790 impellitur.
1592 2727 1827 2772 Naturam
