1980 3290
411 246 500 293 174
570 243 984 292 MONUMENTA
1018 243 1365 290 HISTORIOA
1400 243 1665 291 OELTIOA

408 376 490 415 τῶν
512 373 622 414 κατὰ
643 373 858 424 διάστημα
879 371 1044 426 δρυμῶν
1074 372 1115 413 ἐν
1146 375 1231 415 τοῖς
1261 370 1418 416 πεδίοις
1440 372 1485 413 ἐκ
1513 372 1671 414 τούτων
1692 372 1743 414 ἄν
1764 390 1826 418 τις

407 452 603 503 μάλιστα
638 450 906 504 τεκμήραιτο·
948 448 1166 490 πλείστων
1200 449 1283 503 γὰρ
1320 450 1446 491 ὑικῶν
1481 449 1638 504 ἱερείων
1669 469 1822 492 κοπτο-

407 528 541 581 μένων
575 529 617 570 ἐν
647 526 815 584 Ἰταλία
849 527 918 568 διά
951 545 994 568 τε
1027 526 1101 571 τὰς
1133 526 1188 571 εἰς
1220 527 1314 571 τοὺς
1347 526 1473 571 ἰδίους
1496 527 1618 577 βίους
1649 528 1720 569 καὶ
1753 528 1828 572 τὰς

409 606 465 650 εἰς
487 605 540 647 τὰ
557 604 829 660 στρατόπεδα
843 604 1112 659 παραθέσεις,
1130 604 1205 656 τὴν
1226 603 1599 659 ὁλοσχερεστάτην
1619 604 1827 660 χορηγίαν

409 685 455 725 ἐκ
476 683 635 724 τούτων
657 681 885 735 συμβαίνει
915 685 998 723 τῶν
1028 681 1182 723 πεδίων
1214 683 1354 725 αὐτοῖς
1386 682 1607 736 ὑπάρχειν.
1667 683 1763 737 περὶ
1786 682 1828 724 δὲ

410 766 483 814 τῆς
505 760 615 802 κατὰ
635 761 758 815 μέρος
779 759 950 803 εὐωνίας
982 760 1053 801 καὶ
1086 759 1315 814 δαψιλείας
1340 762 1423 801 τῶν
1444 759 1549 813 πρὸς
1571 759 1646 810 τὴν
1667 760 1828 815 τροφὴν

411 838 650 890 ἀνηκόντων
665 839 794 882 οὕτως
809 837 859 879 ἄν
874 855 935 882 τις
950 837 1247 892 ἀκριβέστατα
1265 837 1577 889 κατανοήσειεν·
1609 841 1829 879 ποιοῦνται

411 916 493 971 γὰρ
524 916 599 961 τὰς
629 915 886 959 καταλύσεις
917 915 955 956 οἱ
986 915 1237 959 διοδεύοντες
1268 915 1344 967 τὴν
1373 914 1521 970 χώραν
1551 915 1593 956 ἐν
1614 919 1698 959 τοῖς
1723 933 1827 957 παν-

413 993 586 1038 δοκείοις
616 994 663 1035 οὐ
695 997 1017 1048 συμφωνοῦντες
1037 994 1134 1047 περὶ
1166 995 1248 1034 τῶν
1279 992 1390 1034 κατὰ
1419 992 1541 1047 μέρος
1572 992 1829 1044 ἐπιτηδείων,

413 1073 514 1113 ἀλλ’
536 1073 766 1127 ἐρωτῶντες
787 1070 926 1112 πόσου
947 1070 1019 1112 τὸν
1040 1070 1172 1125 ἄνδρα
1203 1070 1384 1126 δέχεται·
1428 1073 1480 1114 ὡς
1506 1070 1580 1123 μὲν
1602 1071 1673 1112 οὖν
1694 1071 1762 1112 ἐπὶ
1786 1071 1833 1112 τὸ

413 1151 527 1192 πολὺ
566 1149 791 1204 παρίενται
830 1149 925 1193 τοὺς
965 1148 1210 1192 καταλύτας
1250 1149 1289 1190 οἱ
1327 1148 1562 1194 πανδοκεῖς,
1607 1151 1659 1192 ὡς
1707 1149 1833 1190 ἱκανὰ

414 1229 540 1270 πάντ’
562 1230 675 1282 ἔχειν
697 1227 750 1268 τὰ
779 1226 885 1281 πρὸς
915 1227 991 1279 τὴν
1020 1225 1180 1282 χρείαν,
1213 1225 1502 1280 ἡμιασσαρίου
1525 1229 1661 1270 (τοῦτο
1684 1226 1719 1266 δ’
1741 1227 1833 1268 ἔστι

415 1306 616 1360 τέταρτον
654 1304 776 1359 μέρος
811 1304 1018 1354 ὀβολοῦ),1
1050 1303 1241 1348 σπανίως
1273 1303 1315 1345 δὲ
1355 1305 1469 1345 τοῦθ’
1511 1303 1832 1359 ὑπερβαίνουσι.

416 1383 462 1425 τό
493 1401 541 1436 γε
569 1382 652 1435 μὴν
682 1383 848 1434 πλῆθος
879 1385 961 1423 τῶν
992 1381 1153 1436 ἀνδρῶν
1184 1382 1254 1422 καὶ
1289 1381 1336 1422 τὸ
1366 1381 1539 1434 μέγεθος
1570 1382 1640 1422 καὶ
1673 1382 1835 1426 κάλλος

416 1464 498 1503 τῶν
520 1460 742 1513 σωμάτων,
766 1460 826 1501 ἔτι
858 1459 900 1500 δὲ
931 1459 1007 1511 τὴν
1037 1460 1079 1501 ἐν
1109 1463 1195 1503 τοῖς
1225 1459 1427 1511 πολέμοις
1449 1458 1612 1511 τόλμαν
1633 1460 1678 1511 ἐξ
1698 1460 1836 1501 αὐτῶν

418 1542 500 1580 τῶν
520 1538 716 1593 πράξεων
737 1540 885 1592 σαφῶς
907 1537 1028 1578 ἔσται
1052 1538 1326 1589 καταμαθεῖν.

1547 1595 1597 1635 (ii.
1619 1595 1689 1636 15.)

502 1685 554 1724 X.
587 1685 680 1724 Τῶν
711 1682 744 1723 δ’
760 1683 962 1724 ’Άλπεων
993 1681 1191 1736 ἑκατέρας
1224 1685 1295 1734 τῆς
1327 1685 1527 1736 πλευρᾶς,
1563 1686 1634 1733 τῆς
1664 1682 1733 1723 ἐπὶ
1765 1682 1836 1724 τὸν

419 1760 615 1801 Ῥοδανὸν
636 1760 829 1813 ποταμὸν
850 1760 1009 1811 καὶτῆς
1026 1760 1095 1801 ἐπὶ
1111 1760 1163 1800 τὰ
1184 1759 1464 1814 προειρημένα
1480 1759 1605 1801 πεδία
1626 1759 1836 1810 νευούσης,

420 1838 514 1882 τοὺς
535 1837 762 1888 βουνώδεις
792 1838 863 1879 καὶ
893 1838 1058 1890 γεώδεις
1088 1837 1243 1882 τόπους
1271 1841 1519 1879 κατοικοῦσι
1550 1837 1644 1882 τοὺς
1672 1837 1746 1890 μὲν
1768 1838 1837 1879 ἐπὶ

420 1916 492 1957 τὸν
513 1915 708 1957 Ῥοδανὸν
731 1916 801 1957 καὶ
823 1915 897 1960 τὰς
929 1915 1109 1970 ἄρκτους
1139 1915 1449 1970 ἐστραμμένους
1479 1916 1674 1956 Γαλάται
1703 1918 1834 1969 Τραν-

420 1998 623 2035 σαλπῖνοι
646 1991 1065 2048 προσαγορευόμενοι,
1099 1993 1194 2036 τοὺς
1225 1993 1258 2034 δ’
1280 1993 1350 2034 ἐπὶ
1381 1992 1433 2034 τὰ
1461 1992 1585 2034 πεδία
1605 1991 1837 2047 Ταυρίσκοι

421 2072 492 2112 καὶ
522 2073 706 2124 ’Άγωνες
742 2071 813 2112 καὶ
845 2070 980 2111 πλείω
1012 2070 1110 2123 γένη
1149 2072 1388 2124 ,Βαρβάρων
1421 2071 1553 2125 ἕτερα.
1612 2073 1834 2125 Τρανσαλψ

420 2148 536 2190 πῖνοί
554 2166 601 2201 γε
620 2148 702 2200 μὴν
725 2149 771 2189 οὐ
793 2147 861 2189 διὰ
883 2148 958 2200 τὴν
988 2152 1060 2189 τοῦ
1090 2148 1232 2200 γένους
1264 2147 1380 2188 ἀλλὰ
1412 2147 1481 2189 διὰ
1511 2147 1587 2200 τὴν
1608 2152 1681 2189 τοῦ
1703 2147 1836 2189 τόπου

422 2226 628 2281 διαφορὰν
667 2225 1069 2280 προσαγορεύονται·
1112 2225 1158 2266 τὸ
1198 2225 1279 2279 γὰρ
1313 2225 1437 2279 τρὰνς
1469 2224 1837 2279 ἐξερμηνευόμενόν

422 2306 514 2345 ἐστι
544 2303 690 2358 πέραν,
723 2302 785 2344 διὸ
817 2303 912 2347 τοὺς
943 2303 1135 2344 ἐπέκεινα
1166 2305 1248 2344 τῶν
1264 2304 1464 2344 ”Αλπεων
1484 2301 1837 2357 Τρανσαλπίνους

423 2386 618 2422 καλοῦσι.
680 2380 733 2421 τὰ
756 2380 788 2421 δ’
811 2380 920 2435 ἄκρα
943 2381 1011 2421 διά
1042 2398 1085 2421 τε
1116 2380 1202 2453 τὴνιχ
1223 2380 1471 2435 τραχύτητα
1501 2380 1572 2421 καὶ
1603 2379 1650 2421 τὸ
1671 2382 1837 2432 πλῆθος

423 2464 495 2511 τῆς
517 2458 790 2511 ἐπιμενούσης
812 2459 875 2499 ἀεὶ
896 2457 1037 2513 χιόνος
1059 2450 1236 2508 ἀοίκητα
1257 2458 1407 2502 τελέως
1428 2457 1556 2499 ἐστίν.

499 2532 571 2573 τὸν
623 2532 659 2572 δ’
712 2531 956 2572 ’Λπεννῖνον
1008 2530 1093 2571 ἀπὸ
1142 2530 1217 2582 μὲν
1278 2534 1349 2582 τῆς
1410 2530 1544 2585 ἀρχῆς
1605 2534 1677 2581 τῆς
1732 2530 1836 2584 ὑπὲρ

427 2608 700 2650 Μασσαλίαν
733 2609 804 2650 καὶ
837 2613 909 2660 τῆς
940 2608 1043 2663 πρὸς
1075 2607 1149 2652 τὰς
1173 2607 1354 2651 ”Αλπεις
1385 2607 1676 2660 συμπτώσεως
1708 2610 1835 2660 Λιγυ-

426 2692 562 2729 στῖνοι
613 2690 895 2733 κατοικοῦσιν,
938 2687 1009 2727 καὶ
1050 2685 1125 2737 τὴν
1157 2686 1226 2727 ἐπὶ
1267 2685 1314 2726 τὸ
1353 2685 1610 2740 Τυρρηνικὸν
1649 2685 1836 2738 πέλαγος
