1980 3290
428 271 516 319 228
577 272 989 319 MONUMENTA
1027 272 1376 322 HISTORIOA
1417 274 1681 322 GELTIOA

427 403 509 442 τῶν
532 400 601 441 ὑπ’
623 400 753 445 αὐτὰς
774 400 848 445 τὰς
872 401 1052 445 ”Αλπεις
1073 401 1280 455 κειμένων,
1313 403 1387 444 οὐκ
1416 402 1605 457 ᾠήθημεν
1637 402 1720 445 δεῖν
1742 403 1837 446 οὔτε

427 478 502 530 τὴν
533 479 579 531 ἐξ
608 480 742 535 ἀρχῆς
773 478 921 533 ἔφοδον
952 480 1088 521 αὐτῶν
1119 479 1430 534 ἀμνημόνευτον
1454 484 1715 536 παραλιπεῖν
1743 481 1838 524 οὔτε

428 557 502 601 τὰς
522 556 627 610 μετὰ
649 560 783 599 ταῦτα
804 557 977 611 πράξεις
998 556 1092 599 οὔτε
1113 556 1189 610 τὴν
1211 556 1459 600 τελευταίαν
1480 558 1780 610 ἐξανάστασιν.

1548 624 1598 666 (ii.
1619 625 1690 667 35.)

517 717 654 758 XXX.
687 716 956 772 Ἀσδρούβας
997 717 1030 759 δ’
1072 716 1092 759 ὁ
1134 720 1217 760 τῶν
1257 716 1562 773 Καρχηδονίων
1601 717 1840 775 στρατηγός

430 795 534 848 (ἀπὸ
554 794 636 851 γὰρ
667 795 825 837 τούτων
846 795 1140 851 παρεξέβημεν
1170 799 1243 847 τῆς
1273 795 1507 850 ἐξηγήσεως
1556 796 1627 848 ἔτη
1647 795 1841 853 χειρίσας

430 874 539 916 ὀκτὼ
560 873 613 915 τὰ
635 873 744 915 κατὰ
765 872 841 925 τὴν
862 873 1053 928 Ἰβηρίαν
1083 873 1341 925 ἐτελεύτησε,
1375 873 1671 929 δολοφονηθεὶς
1692 875 1734 917 ἐν
1756 878 1840 919 τοῖς

431 955 579 995 ἑαυτοῦ
600 951 875 1005 καταλύμασι
905 951 1052 996 νυκτὸς
1083 951 1165 994 ὑπό
1187 969 1296 996 τινος
1318 954 1484 994 Κελτοῦ
1514 952 1561 994 τὸ
1589 952 1704 1007 γένος
1726 951 1841 994 ἰδίων

429 1033 564 1074 ἕνεκεν
595 1031 876 1083 ἀδικημάτων,
910 1032 956 1072 οὐ
985 1030 1139 1085 μικρὰν
1169 1029 1285 1071 ἀλλὰ
1315 1031 1506 1084 μεγάλην
1536 1031 1718 1084 ποιήσας
1754 1029 1841 1072 ἐπί-

431 1111 550 1153 δοσιν
590 1113 675 1153 τοῖς
716 1107 1024 1164 Καρχηδονίοις
1074 1110 1325 1164 πράγμασιν
1373 1110 1454 1164 οὐχ
1493 1109 1602 1151 οὕτω
1652 1109 1720 1151 διὰ
1760 1111 1842 1150 τῶν

431 1188 646 1243 πολεμίων
668 1187 800 1243 ἔργων
824 1188 876 1231 ὡς
898 1186 965 1228 διὰ,
987 1190 1060 1239 τῆς
1081 1186 1186 1242 πρὸς
1209 1186 1304 1232 τοὺς
1327 1186 1538 1231 δυνάστας
1560 1185 1739 1240 ὁμιλίας.

1554 1256 1604 1298 (ii.
1626 1257 1696 1299 36.)

520 1354 681 1395 XXXI.
715 1350 919 1401 Ἀννίβας
969 1349 1012 1393 δὲ
1061 1351 1334 1406 παραλαβὼν
1384 1349 1459 1403 τὴν
1510 1350 1648 1407 ἀρχὴν
1697 1350 1844 1394 εὐθέως

433 1433 626 1488 ὥρμησεν
676 1433 729 1476 ὡς
776 1428 1188 1484 καταστρεψόμενοςΪ
1219 1428 1267 1471 τὸ
1317 1432 1400 1472 τῶν
1448 1429 1674 1472 Ὀλκάδων
1713 1430 1842 1477 ἔθνος,

432 1509 683 1566 ἀφικόμενος
714 1508 757 1551 δὲ
787 1507 891 1564 πρὸς
921 1505 1131 1549 Ἀλθαίαν
1162 1506 1238 1559 τὴν
1267 1509 1517 1564 βαρυτάτην
1547 1509 1686 1550 αὐτῶν
1716 1507 1845 1550 πόλιν

432 1587 912 1645 κατεστρατοπέδευσεν,
935 1586 1041 1640 μετὰ
1063 1585 1105 1627 δὲ
1127 1590 1261 1628 ταῦτα
1274 1588 1541 1642 χρησάμενος
1558 1587 1735 1641 ἐνεργοῖς
1758 1586 1845 1640 ἅμα

433 1669 503 1711 καὶ
552 1668 919 1717 καταπληκτικαῖς
968 1666 1239 1719 προσβολαῖς
1288 1664 1450 1721 ταχέως
1509 1665 1714 1720 ἐκράτησε
1771 1668 1845 1716 τῆς

432 1747 608 1791 πόλεως·
669 1745 717 1787 οὗ
757 1743 1005 1797 συμβάντος
1046 1743 1085 1785 οἱ
1122 1744 1267 1786 λοιποὶ
1302 1742 1517 1798 γενόμενοι
1553 1746 1845 1797 καταπλαγεῖς

432 1825 637 1868 ἐνέδωκαν
657 1822 808 1867 αὑτοὺς
830 1825 915 1866 τοῖς
936 1821 1258 1878 Καρχηδονίοις.

1542 1891 1606 1932 (iii.
1628 1890 1697 1932 13.)

516 1978 702 2018 XXXII.
734 1978 803 2032 Τῷ
846 1975 879 2016 δ’
921 1974 1195 2030 ἐπιγινομένῳ
1227 1974 1334 2030 θέρει
1374 1975 1508 2017 πάλιν
1549 1973 1736 2031 ὁρμήσας
1775 1974 1845 2016 ἐπὶ

433 2053 528 2098 τοὺς
563 2051 859 2100 Οὐακκαίους,1
893 2052 1178 2106 Ἑλμαντικὴν
1212 2052 1287 2106 μὲν
1312 2053 1359 2106 ἐξ
1385 2051 1537 2107 ἐφόδου
1560 2052 1844 2105 ποιησάμενος

431 2131 688 2187 προσβολὰς
715 2130 938 2187 κατέσχεν,
967 2130 1274 2186 Ἀρβουκάλην
1307 2130 1349 2172 δὲ
1385 2129 1453 2171 διὰ
1488 2129 1536 2171 τὸ
1568 2129 1740 2184 μέγεθος
1770 2133 1843 2182 τῆς

432 2209 596 2254 πόλεως
616 2209 687 2252 καὶ
709 2208 757 2252 τὸ
778 2210 944 2261 πλῆθος
966 2208 1027 2250 ἔτι
1049 2208 1091 2250 δὲ
1113 2207 1188 2261 τὴν
1209 2207 1484 2262 γενναιότητα
1509 2210 1592 2250 τῶν
1613 2206 1843 2263 οἰκητόρων

431 2288 537 2342 μετὰ
568 2291 737 2340 πολλῆς
768 2285 1060 2342 ταλαιπωρίας
1091 2285 1384 2342 πολιορκήσας
1415 2285 1524 2328 κατὰ
1560 2285 1712 2341 κράτος
1742 2285 1841 2327 εἷλε.

430 2366 536 2420 μετὰ
558 2366 601 2408 δὲ
621 2368 756 2408 ταῦτα
776 2364 1026 2421 παραδόξως
1048 2364 1103 2408 εἰς
1133 2364 1228 2409 τοὺς
1247 2362 1472 2418 μεγίστους
1502 2364 1608 2417 ἦλθε
1628 2362 1842 2407 κινδύνους
