1980 3290
380 270 470 318 264
530 271 939 319 MONUMENTA
982 270 1328 318 HISTORICA
1371 268 1635 317 OELTIOA

380 398 598 450 διάβασιν.
640 399 702 441 διὸ
716 404 788 452 τῆς
810 399 1108 455 προειρημένης
1123 401 1313 454 ἀφορμῆς
1333 397 1572 452 λαβόμενος
1593 397 1787 452 ἐπητγνγεί-

377 483 485 518 λατο
511 477 619 519 κατὰ
649 478 723 531 μὲν
748 477 794 519 τὸ
826 477 962 532 παρὸν
993 477 1368 529 ἀποκαταστήσειν
1398 475 1549 520 αὐτοὺς
1579 476 1683 531 πρὸς
1714 475 1789 527 τὴν

378 554 582 604 διάβασιν
606 556 676 596 καὶ
708 555 839 596 τόπον
872 555 1019 596 δώσειν
1051 557 1181 609 εὐφυῆ
1214 554 1318 609 πρὸς
1351 553 1579 599 κατοικίαν,
1608 552 1713 606 μετὰ
1747 553 1789 594 δὲ

378 636 514 674 ταῦτα
553 633 818 688 συμπράξειν
857 633 912 677 εἰς
951 632 1094 674 ὁπόσα
1132 633 1183 673 ἂν
1222 632 1348 674 αὐτὸν
1387 633 1674 686 παρακαλῶσι
1706 633 1788 672 τῶν

379 709 566 752 δυνατῶν
596 710 666 751 καὶ
698 713 839 753 καλῶς
870 709 1064 765 ἐχόντων.

455 787 670 833 ”Ατταλος
704 788 778 841 μὲν
813 788 884 829 οὖν
924 787 1290 839 ἀποκαταστήσας
1329 787 1424 831 τοὺς
1456 786 1702 840 Αἰνγοσάνγας
1734 785 1789 829 εἷς

379 864 450 906 τὸν
481 865 818 918 Ἑλλήσποντον.

1507 923 1552 964 (v.
1576 922 1643 963 78.)

467 1016 580 1057 LVI.
612 1016 841 1072 Ἐπράχθη
874 1015 917 1057 δέ
957 1034 996 1057 τι
1030 1015 1138 1057 κατὰ
1171 1015 1341 1059 τούτους
1377 1015 1471 1059 τοὺς
1510 1014 1686 1071 χρόνους
1719 1014 1789 1055 καὶ

380 1092 575 1150 Προυσίᾳ
598 1094 759 1147 μνήμης
784 1093 913 1146 ἄξιον.
974 1096 1057 1135 τῶν
1087 1093 1168 1148 νγὰρ
1199 1095 1418 1140 Γαλατῶν,
1441 1093 1510 1137 οὓς
1541 1092 1791 1143 διεβίβασεν

379 1170 425 1210 ἐκ
450 1175 522 1222 τῆς
552 1171 760 1226 Εὐρώπης
788 1171 808 1212 ὁ
838 1171 1047 1222 βασιλεὺς
1061 1171 1276 1215 ’Ἄτταλος
1307 1171 1362 1215 εἰς
1390 1170 1461 1213 τὸν
1488 1170 1592 1226 πρὸς
1611 1169 1790 1226 Ἀχαιὸν

380 1248 567 1302 πόλεμον
587 1249 655 1291 διὰ
677 1249 752 1302 τὴν
774 1250 837 1291 ἐπ’
860 1249 1027 1307 ἀνδρεία
1053 1249 1190 1301 δόξαν,
1215 1250 1372 1291 τούτων
1397 1249 1695 1305 χωρισθέντων
1717 1252 1790 1289 τοῦ

380 1327 678 1383 προειρημένου
707 1329 927 1379 βασιλέως
959 1329 1025 1370 διὰ
1052 1329 1125 1372 τὰς
1156 1329 1251 1383 ἄρτι
1280 1328 1479 1384 ῥηθείσας
1506 1327 1698 1383 ὑποψίας
1719 1328 1790 1368 καὶ

380 1406 649 1461 πορθούντων
667 1407 772 1460 μετὰ
794 1411 962 1459 πολλῆς
985 1407 1208 1460 ἀσελνγείας
1234 1408 1303 1448 καὶ
1333 1407 1435 1457 βίας
1457 1407 1530 1451 τὰς
1551 1407 1612 1461 ἐφ’
1636 1406 1789 1457 Ἑλλη-

380 1483 552 1538 σπόντῳ
576 1484 734 1532 πόλεις,
758 1485 804 1526 τὸ
836 1485 879 1526 δὲ
904 1489 1145 1526 τελευταῖον
1172 1486 1242 1527 καὶ
1274 1489 1517 1540 πολιορκεῖν
1539 1484 1633 1528 τοὺς
1654 1485 1792 1527 Ἰλιεῖς

380 1562 713 1616 ἐπιβαλομένων,
730 1563 889 1616 ἐγένετο
910 1563 984 1616 μέν
998 1581 1058 1607 τις
1079 1565 1154 1604 οὐκ
1176 1563 1348 1616 ἀνγεννὴς
1370 1564 1465 1618 περὶ
1487 1567 1622 1604 ταῦτα
1639 1563 1793 1617 πρᾶξις

381 1640 450 1681 καὶ
492 1640 573 1681 ὑπὸ
623 1643 706 1682 τῶν
755 1640 831 1693 τὴν
877 1641 1058 1696 Τρῳάδα
1108 1641 1416 1682 κατοικούντων
1453 1640 1790 1695 Ἀλεξάνδρειαν·

381 1716 597 1770 Οεμίστην
625 1718 706 1773 «γὰρ
737 1718 1117 1771 ἐξαποστείλαντες
1146 1719 1234 1772 μετ’
1256 1718 1417 1774 ἀνδρῶν
1438 1717 1794 1774 τετρακισχιλίων

382 1795 542 1837 ἔλυσαν
572 1796 646 1849 μὲν
676 1796 752 1848 τὴν
781 1796 942 1838 Ἰλιέων
973 1796 1235 1851 πολιορκίαν,
1269 1796 1476 1849 ἐξέβαλον
1509 1797 1540 1837 δ’
1573 1797 1618 1837 ἐκ
1650 1796 1793 1847 πάσης

382 1877 455 1925 τῆς
475 1873 669 1928 Τρῳάδος
691 1874 785 1918 τοὺς
816 1874 1015 1918 Γαλάτας
1046 1874 1336 1927 ἐμποδίζοντες
1359 1879 1449 1918 ταῖς
1479 1873 1700 1930 χορηνγίαις
1723 1873 1793 1914 καὶ

384 1950 749 2005 διαλυμαινόμενοι
771 1952 844 1996 τὰς
869 1952 1079 2002 ἐπιβολὰς
1105 1954 1255 1993 αὐτῶν.
1316 1953 1354 1994 οἱ
1375 1952 1418 1993 δὲ
1450 1952 1643 1993 Γαλάται
1665 1969 1791 1992 κατα-

383 2028 562 2084 σχόντες
601 2029 676 2081 την
705 2029 921 2085 ’Λρίσβαν
961 2030 1224 2083 καλουμένην
1263 2031 1305 2071 ἐν
1344 2033 1394 2084 τῇ
1435 2033 1518 2071 τῶν
1547 2029 1796 2080 Ἀβυδηνῶν

382 2107 516 2164 χώρα,
549 2107 704 2148 λοιπὸν
742 2107 1026 2157 ἐπεβούλευον
1064 2108 1135 2149 καὶ
1176 2108 1528 2162 προσεπολέμουν
1567 2111 1658 2151 ταῖς
1698 2107 1793 2161 περὶ

384 2184 555 2228 τούτους
577 2185 670 2229 τοὺς
698 2185 853 2229 τύπους
883 2185 1144 2238 ἐκτισμέναις
1165 2184 1357 2227 πόλεσιν.
1418 2186 1479 2240 ἐφ’
1503 2186 1571 2229 οὓς
1593 2184 1792 2240 στρατεύ-

384 2279 463 2306 σας
492 2262 598 2315 μετὰ
630 2262 838 2316 δυνάμεως
868 2262 1086 2318 Προυσίας
1117 2264 1188 2304 καὶ
1219 2263 1568 2318 παραταξάμενος
1599 2263 1693 2306 τοὺς
1722 2262 1796 2315 μὲν

385 2339 537 2394 ἄνδρας
559 2340 649 2381 κατ’
673 2341 800 2382 αὐτὸν
824 2341 895 2382 τὸν
920 2340 1107 2382 κίνδυνον
1136 2342 1178 2381 ἐν
1207 2343 1343 2395 χερῶν
1363 2340 1474 2395 νόμῳ
1505 2340 1720 2395 διέφθειρε,
1743 2339 1795 2381 τὰ

386 2416 428 2458 δὲ
449 2417 574 2459 τέκνα
596 2418 752 2474 σχεδὸν
777 2419 949 2460 ἅπαντα
974 2419 1044 2459 καὶ
1070 2418 1144 2462 τὰς
1168 2422 1369 2471 Γγυναῖκας
1394 2420 1533 2460 αὐτῶν
1553 2419 1594 2459 ἐν
1615 2421 1665 2472 τῇ
1687 2434 1793 2472 παρ-

385 2496 550 2549 εμβολῇ
582 2496 836 2552 κατέσφαξε,
868 2496 943 2548 τὴν
974 2496 1005 2537 δ’
1029 2495 1272 2548 ἀποσκευὴν
1293 2497 1420 2551 ἐφῆκε
1450 2496 1686 2551 διαρπάσαι
1711 2498 1796 2539 τοῖς

385 2573 696 2627 ἠγωνισμένοις.
738 2574 906 2629 πράξας
928 2574 970 2615 δὲ
987 2577 1122 2615 ταῦτα
1140 2574 1329 2627 μετγάλου
1349 2574 1423 2627 μὲν
1444 2574 1637 2615 ἀπέλυσε
1657 2572 1798 2628 φόβου
