1980 3290
419 267 506 314 140
571 267 984 313 MONUMENTA
1012 266 1362 314 HISTORICA
1395 267 1661 314 OELTIGA

417 396 555 443 huius
585 396 809 442 Victoriae
841 413 936 442 non
967 413 994 442 a
1022 396 1166 443 Gallis
1196 401 1401 451 tantum,
1431 413 1596 442 verum
1627 396 1772 443 etiam
1801 414 1828 443 a

415 469 725 523 finitimorum
755 476 942 522 feritate
971 476 1272 538 praestiterit.

1418 541 1567 583 (Justim
1586 554 1670 575 xxv.
1689 543 1737 584 2.)

506 624 644 669 XIX.
683 623 986 685 Quamquam
1007 622 1249 669 Gallorum
1271 639 1326 669 ea
1354 628 1641 685 tempestate
1663 627 1827 669 tantae

416 704 720 751 fecunditatis
759 704 981 750 iuventus
1021 704 1125 759 fuit,
1167 710 1223 750 ut
1261 704 1425 751 Asiam
1463 721 1652 751 omnem
1689 704 1822 751 velut

415 783 629 829 examine
679 783 836 846 aliquo
887 783 1148 845 implerent.
1225 783 1440 846 Denique
1489 801 1641 847 neque
1691 801 1821 847 reges

415 865 619 911 Orientis
644 865 742 911 sine
767 865 1051 911 mercenario
1078 864 1320 911 Gallorum
1344 865 1553 911 exercitu
1576 865 1671 911 ulla
1697 864 1822 911 bella

414 951 684 1007 gesserunt;
748 963 900 1008 neque
943 946 1065 1008 pulsi
1109 962 1250 1007 regno
1295 946 1356 992 ad
1399 945 1514 992 alios
1559 962 1705 1009 quam
1760 946 1824 992 ad

415 1026 572 1073 Gallos
613 1026 936 1087 confugerunt.
1004 1027 1184 1072 Tantus
1224 1031 1372 1072 terror
1413 1025 1578 1072 Gallici
1617 1025 1822 1072 nominis

414 1113 462 1153 et
502 1124 741 1154 armorum
780 1107 958 1153 invicta
999 1107 1196 1153 felicitas
1237 1112 1351 1162 erat,
1394 1112 1449 1152 ut
1489 1106 1625 1152 aliter
1664 1123 1819 1169 neque

414 1188 713 1234 maiestatem
748 1204 883 1233 suam
918 1187 1067 1233 tutari
1101 1204 1254 1250 neque
1290 1187 1515 1233 amissam
1549 1203 1824 1248 recuperare

415 1286 462 1315 se
497 1286 633 1330 posse
669 1269 766 1315 sine
804 1268 980 1315 Gallica
1013 1268 1192 1314 virtute
1228 1268 1584 1315 arbitrarentur.
1651 1269 1822 1330 Itaque

413 1351 462 1396 in
491 1350 719 1396 auxilium
747 1368 775 1396 a
805 1351 1059 1412 Bithyniae
1090 1367 1195 1412 rege
1222 1351 1445 1406 invocati,
1477 1367 1675 1412 regnum
1715 1367 1824 1397 cum

414 1447 482 1486 eo,
532 1436 670 1492 parta
718 1430 930 1485 victoria,
981 1430 1274 1487 diviserunt3
1341 1447 1540 1493 eamque
1586 1430 1825 1492 regionem

414 1512 787 1573 Gallograeciam
822 1511 1310 1573 cognominaverunt.1

1416 1576 1565 1618 (Justin,
1584 1588 1668 1610 xxv.
1688 1577 1735 1618 2.)

505 1656 616 1701 XX.
652 1655 918 1717 Antigonus
934 1661 1097 1701 autem
1114 1672 1223 1702 cum
1234 1656 1397 1717 paucis
1415 1656 1668 1719 equitibus,
1689 1656 1825 1718 fugae

414 1735 679 1790 comitibus,
730 1741 922 1796 repente
969 1736 1170 1782 fortunae
1216 1735 1504 1782 ornamentis
1549 1735 1820 1791 destitutus,

413 1816 571 1862 amissi
604 1816 733 1878 regni
767 1816 1091 1877 speculaturus
1125 1821 1336 1871 eventus,
1362 1816 1741 1863 Thessalonicam
1774 1833 1822 1862 se

411 1896 586 1957 recepit
608 1913 615 1941 :
661 1902 716 1942 ut
740 1896 849 1942 inde
873 1913 982 1942 cum
1006 1897 1241 1943 conducta
1267 1896 1511 1943 Gallorum
1535 1897 1821 1943 mercenaria

412 1994 559 2023 manu
583 1976 759 2022 belluni
781 1981 1054 2038 repararet.‘-'

1413 2042 1560 2084 wastin,
1580 2055 1663 2076 xxv.
1685 2044 1732 2085 3.)

501 2122 640 2168 XXI.
678 2123 865 2168 Interea
889 2122 1154 2184 Antigonus
1180 2139 1329 2184 quum
1353 2122 1604 2185 multiplici
1627 2123 1748 2169 bello
1774 2129 1822 2169 et

408 2202 668 2250 Ptolemaei
696 2202 815 2263 regis
842 2208 889 2248 et
914 2203 1255 2263 Spartanorum
1279 2210 1598 2264 premeretur3
1647 2220 1818 2250 novus-

410 2300 501 2345 que
541 2282 606 2328 illi
656 2282 803 2328 hostis
841 2282 1185 2344 Gallograeciae
1233 2284 1464 2330 exercitus
1511 2283 1816 2330 adfluxisset:

413 2362 461 2407 in
494 2361 696 2423 speciem
728 2367 991 2407 castrorum
1021 2378 1170 2423 parva
1203 2379 1349 2408 manu
1383 2363 1607 2409 adversus
1641 2368 1820 2409 ceteros

413 2442 574 2488 relicta
623 2443 848 2489 adversus
897 2443 1055 2490 Gallos
1104 2443 1218 2489 totis
1267 2443 1446 2490 viribus
1494 2444 1817 2505 proficiscitur.

416 2522 595 2578 Quibus
615 2523 812 2585 cognitis
828 2523 962 2579 Galli,
985 2540 1134 2586 quum
1151 2529 1199 2569 et
1218 2523 1307 2585 ipsi
1325 2541 1373 2570 se
1392 2524 1568 2585 proelio
1582 2530 1820 2587 pararent,

635 2748 644 2767 ¹
670 2748 716 2779 Cf.
739 2759 769 2790 p.
791 2750 841 2781 97.
1179 2749 1191 2767 ‘⁶'
1215 2749 1261 2781 Cf.
1279 2760 1311 2790 p.
1327 2751 1379 2787 99,
1394 2754 1540 2791 excerpt.
1557 2750 1614 2782 IV.
