2058 3275
503 296 560 344 66
659 297 1069 344 MONUMENTA
1102 296 1448 345 HISTORIOA
1482 297 1750 345 OELTICA

591 427 706 473 XII.
740 426 936 473 Dierum
958 426 1112 488 spacia
1135 426 1260 473 ultra
1282 426 1432 474 nostri
1455 426 1582 474 orbis
1605 444 1877 475 mensuram
1895 445 1907 486 ;

500 524 597 553 nox
617 507 740 553 clara
758 512 806 553 et
823 512 1033 553 extrema
1055 506 1329 553 Bribanniae
1348 513 1484 569 parbe
1505 507 1678 564 brevis,
1691 513 1748 554 ub
1767 508 1910 555 finem

501 593 645 649 atque
688 587 877 634 initium
920 587 1034 634 lucis
1078 587 1246 650 exiguo
1290 587 1556 635 discrimine
1600 588 1905 636 internoscaS.

503 668 639 724 Quod
669 684 717 715 se
746 669 894 715 nubes
924 685 1019 715 non
1050 668 1270 725 officianb,
1296 668 1441 730 aspici
1469 685 1552 731 per
1581 675 1772 716 noctem
1800 669 1909 716 solis

501 749 741 811 fulgorem,
786 766 870 796 nec
914 749 1120 796 occidere
1175 755 1223 796 eb
1278 765 1522 812 exsurgere
1576 749 1658 797 sed
1712 750 1909 799 transire

497 830 770 880 adfirmanb.

1306 913 1477 955 (Tacitus,
1496 912 1668 955 Aqricola,
1690 923 1719 946 c.
1742 913 1811 955 12.)

580 1041 705 1082 XIII.
731 1038 777 1080 τὸ
801 1038 833 1079 δ’
858 1037 1192 1090 ὑπολειπόμενον
1223 1037 1390 1090 ἀνήκειν
1419 1037 1493 1090 μὲν
1520 1037 1762 1093 ἱστοροῦσιν
1787 1038 1843 1083 εἰς
1863 1037 1911 1081 τὸ

495 1117 696 1171 πέλαγος,
729 1117 1007 1171 ὀνομάζεσθαι
1039 1116 1080 1157 δὲ
1102 1117 1279 1171 ”Ορκαν.
1339 1119 1422 1157 τῶν
1454 1116 1496 1157 δὲ
1525 1119 1721 1172 πλευρῶν
1742 1116 1818 1169 τὴν
1837 1116 1912 1169 μὲν

495 1196 733 1252 ὲλαχιστην
754 1196 858 1238 εἶναι
889 1194 1074 1236 σταδίων
1101 1193 1440 1250 ἑπτακισχιλίων
1467 1193 1771 1242 πεντακοσίων,
1803 1212 1911 1250 παρ-

496 1273 685 1327 ήκουσαν
706 1274 823 1330 παρὰ
845 1273 921 1326 τὴν
942 1272 1164 1328 Εὐρώπην·
1206 1271 1282 1325 τὴν
1316 1272 1357 1313 δὲ
1391 1272 1586 1328 δευτέραν
1617 1271 1693 1325 τὴν
1721 1272 1806 1314 ἀπὸ
1838 1276 1912 1314 τοῦ

494 1354 688 1409 πορθμοῦ
727 1352 831 1408 πρὸς
871 1351 948 1404 τὴν
990 1350 1179 1406 κορυφὴν
1222 1350 1477 1403 ἀνήκουσαν,
1521 1349 1707 1392 σταδίων
1753 1349 1912 1406 μυρίων

493 1413 871 1487 πεντακισχιλιων·
913 1429 989 1482 τὴν
1025 1429 1066 1470 δὲ
1099 1428 1269 1481 λοιπήν,
1307 1427 1492 1470 σταδίων
1527 1427 1752 1483 δισμυρων·
1803 1428 1913 1472 ὥστε

494 1509 570 1562 τὴν
586 1512 734 1551 πᾶσαν
750 1509 854 1550 εἶναι
871 1512 943 1560 τῆς
961 1507 1092 1560 νήσου
1105 1506 1338 1562 περιφοράν
1352 1505 1537 1548 σταδίων
1553 1505 1912 1562 τετρακισμυρίων

495 1587 721 1645 δισχιλίων
741 1586 1045 1630 πεντακοσίων.

1235 1656 1438 1697 (Diodorus
1460 1658 1620 1699 Siculus,
1640 1670 1672 1692 v.
1693 1669 1721 1691 c.
1742 1655 1813 1697 21.)

579 1798 698 1838 XIV.
717 1794 789 1836 εἶτ’
807 1793 875 1835 ἐπὶ
898 1792 970 1834 τὸν
991 1791 1149 1834 κύκλον
1170 1791 1242 1833 τὸν
1265 1791 1333 1833 δὶα
1348 1791 1514 1843 Θούλης
1534 1791 1600 1844 (ἥν
1622 1794 1727 1846 φησι
1745 1790 1913 1835 Πυθέας

496 1874 581 1916 ἀπὸ
615 1874 690 1928 μὲν
725 1876 798 1924 τῆς
833 1873 1113 1926 Βρεττανικῆς
1149 1869 1196 1922 ἓξ
1229 1871 1390 1924 ἡμερῶν
1421 1873 1560 1911 πλοῦν
1599 1868 1774 1924 ἀπέχειν
1808 1868 1913 1924 πρὸς

496 1953 663 2008 ἄρκτου,
696 1950 818 2005 ἐγγὺς
849 1949 882 1990 δ’
914 1948 1018 1990 εἶναι
1049 1952 1121 2000 τῆς
1151 1946 1390 2000 πεπηγυίας
1421 1947 1651 1998 θαλάττης)
1674 1946 1838 2007 ἄλλους
1860 1948 1912 1991 ὡς

494 2030 665 2086 μυρίους
685 2028 852 2086 χιλίους
873 2025 1185 2071 πεντακοσίους.

1399 2096 1561 2139 (Strabo,
1581 2098 1604 2132 i.
1624 2110 1653 2132 c.
1672 2098 1705 2138 4,
1727 2093 1746 2141 ἓ
1767 2095 1814 2138 2.)

586 2235 691 2283 XV.
727 2234 857 2281 Thile
874 2238 888 2265 1
924 2231 1091 2280 ultima
1127 2231 1176 2278 in
1213 2249 1306 2294 qua
1345 2231 1525 2278 aestivo
1561 2230 1776 2288 solsfiitio,
1815 2231 1910 2278 sole

497 2317 555 2364 de
604 2314 767 2363 Cancri
819 2313 965 2361 sidere
1027 2312 1226 2359 faciente
1270 2311 1553 2368 'bransitum,
1613 2328 1710 2358 nox
1765 2311 1907 2358 nulla.

497 2395 706 2446 Brumali
751 2393 964 2449 solstitio,
1006 2392 1198 2454 perinde
1242 2392 1397 2438 nullus
1441 2391 1551 2438 dies.
1629 2390 1910 2454 Trigesimus

496 2495 620 2526 nunc
664 2492 816 2523 annus
861 2480 932 2521 est
983 2491 1010 2520 a
1056 2490 1149 2536 quo
1194 2472 1538 2520 nuntiaverunt]
1588 2471 1705 2519 mihi
1759 2471 1909 2519 clerici

496 2561 578 2623 qui
617 2576 645 2606 a
685 2557 794 2606 Kal.
837 2556 973 2603 Febr.
1008 2571 1156 2617 usque
1189 2554 1296 2600 Kal.
1332 2554 1532 2616 August).
1567 2552 1616 2599 in
1646 2552 1725 2600 illa
1757 2552 1908 2600 insula

560 2743 567 2762 ¹
592 2742 727 2774 Iceland
741 2742 768 2772 is
783 2741 839 2771 the
855 2739 1013 2781 probable
1026 2738 1268 2769 identification
1282 2737 1315 2768 of
1330 2736 1443 2769 Tilule.
1491 2737 1559 2768 The
1576 2736 1682 2768 works
1696 2746 1740 2767 on
1754 2736 1901 2778 Pytheas

493 2796 530 2827 ab
543 2794 600 2825 the
614 2793 791 2836 beginning
804 2791 838 2822 of
851 2791 917 2822 this
931 2791 1069 2832 chapter
1081 2799 1160 2831 may
1174 2789 1214 2820 be
1226 2788 1400 2820 consulved
1413 2798 1457 2820 on
1470 2789 1536 2820 this
1549 2791 1774 2830 controversy.

1966 1952 2010 1995 >R
