1980 3290
415 245 500 290 162
562 243 975 291 MONUMENTA
1015 243 1364 291 HISTORIOA
1407 243 1672 291 OELTIOA

413 372 600 425 ἔφασκον
631 372 780 415 αὑτοὺς
811 371 894 412 δεῖν
924 370 1181 423 κομίζεσθαι.
1242 370 1429 413 καθόλου
1460 370 1493 411 δ’
1524 369 1589 412 ἀεί
1617 389 1656 412 τι
1679 371 1822 413 καινὸν

413 449 778 504 προσεξεύρισκον,
803 449 858 493 εἰς
879 449 1085 490 ἀδύνατον
1115 449 1401 499 ἐκβάλλοντες
1422 447 1498 500 τὴν
1526 448 1732 496 διάλυσιν,
1757 449 1824 490 διὰ

414 527 461 567 τὸ
483 528 671 571 πολλοὺς
692 526 904 582 καχέκτας
925 527 995 568 καὶ
1016 526 1265 571 στασιώδεις
1282 527 1323 568 ἐν
1340 528 1480 570 αὐτοῖς
1498 527 1716 581 ὑπάρχειν.
1777 527 1824 568 οὐ

412 604 494 657 μὴν
516 604 633 645 ἀλλὰ
654 609 741 646 πᾶν
762 604 810 646 τὸ
833 603 1011 646 δυνατὸν
1035 603 1381 659 ὑπισχνουμένων
1402 606 1484 645 τῶν
1506 603 1821 658 Καρχηδονίων,

413 682 668 724 κατένευσαν
699 681 943 737 ἐπιτρέψειν
973 682 1067 736 περὶ
1099 685 1181 723 τῶν
1212 680 1622 736 ἀμφισβητουμένων
1652 682 1709 723 ἑνὶ
1742 684 1825 723 τῶν

412 761 453 801 ἐν
475 758 650 817 Σικελία
676 759 910 812 Γγε’γονότων
937 763 1201 814 στρατηγῶν.
1236 791 1244 800 .
1278 792 1286 800 .
1321 791 1329 800 .
1362 761 1412 812 ἣν
1435 758 1477 799 δέ
1507 776 1568 803 τις
1590 759 1825 812 Καμπανὸς

412 837 709 890 ηὐτομοληκὼς
739 837 856 892 παρὰ
887 840 970 878 τῶν
1000 837 1216 890 Ῥωμαίων
1247 837 1405 884 δοῦλος,
1439 837 1549 891 ἔχων
1579 836 1825 890 σωματικὴν

412 915 585 968 δύναμιν
620 916 690 957 καὶ
726 914 890 968 τόλμαν
925 916 966 957 ἐν
999 918 1084 958 τοῖς
1116 918 1359 968 πολεμικοῖς
1391 916 1658 969 παράβολον,
1696 915 1825 967 ὄνομα

411 990 621 1037 Σπένδιος.
682 993 801 1037 οὗτος
833 992 1141 1046 εὐλαβούμενος
1172 992 1228 1046 μὴ
1264 991 1598 1047 παραγενόμενος
1637 991 1764 1033 αὐτὸν
1804 992 1824 1033 ὁ

411 1069 618 1121 δεσπότης
639 1070 865 1124 κομίσηται
882 1071 951 1112 καὶ
968 1070 1077 1111 κατὰ
1099 1070 1193 1114 τοὺς
1215 1070 1430 1123 Ῥωμαίων
1452 1069 1601 1123 νόμους
1622 1070 1825 1113 αἰκισθεὶς

410 1147 634 1202 διαφθαρῇ,
668 1152 755 1190 πᾶν
786 1147 946 1201 ἐτόλμα
977 1148 1046 1189 καὶ
1066 1147 1205 1201 λέγειν
1226 1149 1296 1190 καὶ
1326 1149 1540 1203 πράττειν,
1572 1148 1824 1199 σπουδάζων

410 1225 617 1279 διακόψαι
641 1226 714 1270 τὰς
737 1225 947 1269 διαλύσεις
968 1225 1042 1269 τὰς
1062 1225 1167 1280 πρὸς
1189 1225 1517 1281 Καρχηδονίους.
1547 1256 1555 1266 .
1589 1256 1598 1265 .
1632 1256 1640 1266 .

492 1303 542 1344 ‘O
582 1304 656 1356 μὲν
697 1305 768 1345 οὖν
808 1304 912 1358 πρὸς
953 1303 1047 1347 τοὺς
1083 1303 1221 1355 ξένους
1255 1304 1326 1345 καὶ
1361 1303 1550 1353 Λιβυκὸς
1582 1303 1823 1354 ἐπικληθεὶς

407 1379 594 1433 πόλεμος
617 1381 682 1422 διὰ
705 1385 838 1423 ταῦτα
859 1381 928 1422 καὶ
951 1380 1146 1432 τοιαύτην
1168 1381 1302 1431 ἔλαβε
1323 1380 1399 1432 τὴν
1420 1380 1568 1435 ἀρχήν.
1597 1412 1605 1421 .
1640 1412 1648 1420 .
1683 1411 1691 1421 .

492 1458 541 1499 ‘O
595 1459 636 1500 δὲ
688 1460 851 1503 Μάθως
895 1458 1020 1503 αὐτὸς
1069 1459 1144 1511 μὲν
1187 1459 1255 1501 ἐπὶ
1295 1463 1366 1511 τῆς
1410 1461 1493 1500 τῶν
1535 1459 1822 1512 Ἱππακριτῶν

408 1536 657 1590 πολιορκίας
690 1536 894 1590 ἐπέμενεν,
930 1540 1014 1580 τοῖς
1048 1536 1090 1577 δὲ
1123 1537 1217 1591 περὶ
1251 1536 1325 1578 τὸν
1365 1538 1602 1591 Αὐτάριτον
1635 1535 1707 1577 τὸν
1739 1539 1822 1577 τῶν

410 1616 614 1655 Γαλατῶν
655 1614 839 1668 ἡγεμόνα
878 1614 947 1656 καὶ
987 1612 1191 1657 Σπένδιον
1232 1614 1407 1669 ἔχεσθαι
1443 1617 1525 1656 τῶν
1557 1613 1820 1655 ὑπεναντίων

409 1692 701 1740 συνεβούλευε,
735 1692 786 1734 τὰ
818 1692 892 1746 μὲν
932 1691 1056 1734 πεδία
1096 1691 1326 1747 φεύγοντας
1367 1692 1434 1733 διὰ
1465 1692 1512 1734 τὸ
1544 1692 1708 1743 πλῆθος
1739 1694 1821 1732 τῶν
