1980 3290
390 269 480 317 214
548 270 963 318 MONUMENTA
996 271 1344 319 HISTORIOA
1378 272 1643 321 OELTICA

391 399 460 441 ἐπὶ
505 399 617 442 πόδα
667 400 737 442 καὶ
786 399 1007 455 προδήλως
1058 400 1380 446 ἀποδειλιῶντες
1419 400 1664 457 διέστρεφον
1712 402 1806 447 τοὺς

392 477 585 520 κατόπιν.
647 478 694 520 τὸ
729 477 804 531 μὲν
840 478 912 520 οὖν
948 481 1031 520 τῶν
1071 480 1296 520 Γαισάτων
1336 478 1530 534 φρόνημα
1564 479 1682 535 παρὰ
1722 483 1808 524 τοῖς

393 551 665 594 ἀκοντισταῖς
685 550 818 604 τούτῳ
841 551 899 605 τῷ
921 549 1064 605 τρόπῳ
1080 549 1303 601 κατελύθη,
1320 550 1368 591 τὸ
1391 550 1433 591 δὲ
1446 553 1528 593 τῶν
1544 550 1808 607 Ἰνσόμβρων

394 628 465 670 καὶ
486 627 622 670 Βοίων
644 628 704 670 ἔτι
726 628 768 670 δὲ
797 628 1048 683 Ταυρίσκων
1069 628 1246 680 πλῆθος,
1271 627 1358 682 ἅμα
1389 632 1446 683 τῷ
1468 629 1562 673 τοὺς
1582 628 1810 683 Ῥωμαίους

395 705 640 759 δεξαμένους
661 707 756 752 τοὺς
777 707 936 749 ἑαυτῶν
967 706 1220 751 ἀκοντιστὰς
1250 708 1552 762 προσβάλλειν
1580 706 1706 762 σφίσι
1737 706 1811 751 τὰς

397 784 586 840 σπείρας,
625 784 847 839 συμπεσὸν
879 788 965 830 τοῖς
999 784 1216 838 πολεμίοις
1251 785 1296 826 ἐκ
1328 785 1469 841 χειρὸς
1504 785 1634 827 ἐποίει
1668 786 1813 841 μάχην

397 863 567 918 ἐχυράν·
612 862 931 917 διακοπτόμενοι
963 863 1045 919 γὰρ
1082 863 1223 916 ἔμενον
1264 863 1329 905 ἐπ’
1371 864 1464 906 ἴσον
1500 867 1591 908 ταῖς
1630 866 1810 919 ψυχαῖς,

397 942 510 996 αὐτῷ
546 941 679 996 τούτῳ
716 942 787 983 καὶ
824 941 1011 983 καθόλου
1047 942 1117 984 καὶ
1154 943 1246 983 κατ’
1275 941 1408 998 ἄνδρα
1437 941 1689 995 λειπόμενοι,
1722 944 1814 985 ταῖς

397 1022 480 1062 τῶν
501 1020 648 1062 ὅπλων
669 1024 965 1065 κατασκευαῖς.
1026 1020 1066 1062 οἱ
1084 1020 1159 1074 μὲν
1181 1021 1252 1062 οὖν
1276 1021 1410 1076 θυρεοὶ
1431 1020 1536 1072 πρὸς
1558 1020 1814 1075 ἀσφάλειαν,

399 1100 443 1142 αἱ
464 1099 507 1141 δὲ
527 1100 737 1155 μάχαιραι
762 1098 868 1154 πρὸς
889 1100 1045 1154 πρᾶξιν
1074 1100 1264 1152 μεγάλην
1298 1099 1503 1154 διαφορὰν
1536 1101 1556 1125 *
1590 1101 1611 1124 *
1644 1099 1665 1123 *
1689 1097 1813 1153 ἔχειν,

400 1178 476 1231 τὴν
516 1177 559 1219 δὲ
599 1175 844 1228 Γαλατικὴν
884 1177 1131 1232 καταφορὰν
1172 1177 1285 1233 ἔχειν
1333 1177 1473 1232 μόνον.
1546 1176 1635 1218 ἐπεὶ
1687 1175 1721 1216 δ’
1771 1175 1818 1227 ἐξ

402 1255 655 1312 ὑπερδεξίων
676 1255 746 1297 καὶ
769 1255 879 1297 κατὰ
900 1254 1023 1310 κέρας
1045 1255 1084 1297 οἱ
1104 1259 1186 1297 τῶν
1203 1255 1420 1309 Ῥωμαίων
1442 1255 1583 1299 ἱππεῖς
1605 1252 1816 1307 ἐμβαλόν-

403 1353 468 1380 τες
490 1335 575 1378 ἀπὸ
599 1337 672 1376 τοῦ
693 1333 831 1388 λόφου
852 1335 1116 1389 προσέφερον
1138 1334 1212 1379 τὰς
1233 1339 1377 1390 χεῖρας
1398 1333 1648 1390 ἐρρωμένως,
1672 1330 1758 1373 τόθ’
1781 1330 1820 1372 οἱ

403 1414 478 1468 μὲν
512 1414 628 1464 πεζοὶ
659 1415 742 1454 τῶν
774 1414 949 1453 Κελτῶν
980 1412 1022 1453 ἐν
1053 1413 1167 1468 αὐτῷ
1198 1415 1256 1468 τῷ
1288 1417 1361 1464 τῆς
1391 1412 1667 1467 παρατάξεως
1703 1408 1819 1463 τόπῳ

405 1491 718 1543 κατεκόπησαν,
742 1490 780 1531 οἱ
802 1489 835 1531 δ’
859 1489 1001 1534 ἱππεῖς
1024 1489 1129 1546 πρὸς
1151 1490 1290 1546 φυγὴν
1312 1490 1526 1546 ὥρμησαν.

1531 1559 1583 1601 (ii.
1604 1562 1675 1601 30.)

494 1645 631 1685 XXV.
657 1641 895 1685 Ἀπέθανον
907 1642 983 1695 μὲν
997 1643 1068 1685 οὖν
1082 1646 1165 1685 τῶν
1180 1646 1356 1686 Κελτῶν
1370 1643 1424 1687 εἰς
1438 1640 1823 1698 τετρακισμυρίους,

407 1722 606 1763 ἑάλωσαν
637 1720 673 1762 δ’
704 1722 778 1763 οὐκ
809 1721 1009 1765 ἐλάττους
1036 1721 1206 1777 μυρίων,
1240 1723 1283 1764 ἐν
1313 1722 1373 1766 οἷς
1404 1722 1474 1763 καὶ
1496 1723 1578 1762 τῶν
1604 1719 1824 1771 βασιλέων

409 1801 738 1854 Κογκολιτάνος.
799 1797 820 1840 ὁ
857 1798 891 1839 δ’
934 1799 1069 1855 ἕτερος
1118 1802 1255 1842 αὐτῶν
1295 1800 1583 1855 Ἀνηρόεστος,
1627 1799 1682 1842 εἴς
1731 1815 1825 1839 τινα

409 1878 540 1921 τόπον
561 1877 796 1933 συμφυγὼν
816 1878 905 1931 μετ’
938 1877 1105 1931 ὀλίγων,
1138 1879 1402 1934 προσήνεγκε
1432 1878 1506 1923 τὰς
1535 1881 1681 1934 χεῖρας
1709 1877 1822 1931 αὑτῷ

411 1957 480 2000 καὶ
503 1960 588 2001 τοῖς
619 1955 875 2009 ἀναγκαίοις·
938 1955 958 1998 ὁ
990 1955 1032 1997 δὲ
1064 1957 1301 2012 στρατηγὸς
1331 1960 1414 1999 τῶν
1436 1955 1652 2009 Ῥωμαίων
1678 1955 1730 1996 τὰ
1750 1954 1825 2007 μὲν

411 2039 554 2077 σκῦλα
575 2034 861 2090 συναθροίσας
892 2034 947 2079 εἰς
977 2033 1053 2086 τὴν
1075 2035 1236 2089 Ῥώμην
1267 2035 1505 2082 ἀπέστειλε,
1539 2033 1614 2086 τὴν
1637 2033 1679 2074 δὲ
1704 2033 1825 2074 λείαν

411 2113 602 2156 ἀπέδωκε
623 2116 708 2156 τοῖς
729 2113 1034 2167 προσήκουσιν.
1096 2113 1221 2157 αὐτὸς
1253 2113 1286 2154 δ’
1314 2113 1549 2164 ἀναλαβὼν
1571 2112 1623 2154 τὰ
1645 2110 1823 2167 στρατό-

411 2192 520 2235 πεδα
553 2191 622 2233 καὶ
655 2190 831 2232 διελθὼν
859 2192 959 2247 παρ’
988 2190 1119 2243 αὐτὴν
1149 2191 1224 2242 τήν
1256 2191 1520 2245 Λιγυστικὴν
1549 2191 1604 2235 εἰς
1636 2190 1711 2242 τὴν
1743 2192 1825 2231 τῶν

414 2270 548 2312 Βοίων
570 2269 747 2320 ἐνέβαλε
760 2269 918 2325 χώραν.
979 2271 1212 2326 πληρώσας
1234 2269 1276 2311 δὲ
1298 2270 1372 2314 τὰς
1394 2269 1522 2325 ὁρμὰς
1543 2272 1625 2311 τῶν
1648 2285 1824 2323 στρατο-
