1980 3290
392 286 480 336 248
542 290 952 338 MONUMENTA
995 291 1342 339 HISTORIOA
1386 292 1651 340 CELTIOA

391 417 549 460 τούτων
571 418 604 459 δ’
628 418 932 474 ἐφεδρευόντων
963 419 1144 462 ἔλαττον
1175 419 1337 471 συνέβη
1365 419 1562 474 γενέσθαι
1583 419 1630 462 τὸ
1651 421 1798 466 πάθος·

390 495 504 537 οὗτοι
535 496 618 553 γὰρ
653 497 830 551 ἔστεξαν
865 498 941 551 τὴν
973 497 1181 553 ἐπιφορὰν
1215 500 1299 540 τῶν
1327 498 1580 554 βαρβάρων.
1642 500 1690 541 οὐ
1719 499 1801 553 μὴν

389 573 506 615 ἀλλὰ
540 575 611 617 καὶ
646 574 798 618 τούτου
832 576 1181 632 συγκυρήσαντος
1211 577 1324 619 πολύ
1355 595 1395 618 τι
1425 577 1589 629 πλῆθος
1617 577 1687 619 καὶ
1719 580 1802 619 τῶν

389 652 552 709 ἀνδρῶν
583 654 654 696 καὶ
691 657 774 697 τῶν
804 654 1041 708 ὑποζυγίων
1068 655 1138 697 καὶ
1170 657 1253 697 τῶν
1282 655 1425 697 ἵππων
1456 654 1674 711 διεφθάρη·
1718 658 1802 697 τῶν

388 732 470 788 γὰρ
491 731 634 775 τόπων
656 733 910 789 ὑπερδεξίων
931 735 1062 776 ὅντων
1083 737 1169 779 τοῖς
1190 733 1419 788 πολεμίοις,
1443 735 1803 790 ἀντιπαράγοντες

390 810 430 852 οἱ
461 810 684 867 βάρβαροι
723 816 814 857 ταῖς
853 811 1119 868 παρωρείαις,
1163 813 1233 854 καὶ
1281 816 1367 857 τοῖς
1405 811 1480 866 μὲν
1521 811 1595 857 τὰς
1641 812 1801 868 πέτρας

390 889 679 935 ἐπικυλίοντες
719 890 814 935 τοὺς
855 890 888 932 δ’
931 891 976 932 ἐκ
1008 890 1148 946 χειρὸς
1184 895 1269 936 τοῖς
1302 890 1438 936 λίθοις
1471 890 1711 938 τύπτοντες,
1747 891 1803 935 εἰς

390 966 604 1024 ὁλοσχερῆ
626 968 857 1024 διατροπὴν
878 969 949 1011 καὶ
981 968 1171 1012 κίνδυνον
1195 970 1310 1023 ἦγον,
1342 970 1472 1014 οὕτως
1493 968 1594 1011 ὥστ’
1618 970 1802 1022 ἀναγκα-

389 1046 543 1099 σθῆναι
576 1046 648 1089 τὸν
681 1046 887 1099 Ἀννίβαν
917 1047 1024 1102 μετὰ
1063 1052 1137 1100 τῆς
1178 1047 1371 1102 ἡμισείας
1411 1048 1621 1102 δυνάμεως
1661 1066 1802 1090 νυκτε-

389 1128 538 1180 ρεῦσαι
573 1125 672 1182 περί
705 1144 745 1168 τι
776 1125 1062 1182 λευκόπετρον
1093 1126 1250 1183 ὀχυρὸν
1279 1127 1411 1183 χωρὶς
1439 1129 1522 1169 τῶν
1555 1126 1699 1169 ἵππων
1731 1127 1802 1168 καὶ

390 1206 475 1246 τῶν
508 1203 755 1258 ὑποζυγίων,
793 1204 1068 1261 ἐφεδρεύοντα
1102 1205 1276 1252 τούτοις,
1312 1206 1385 1250 ἕως
1418 1206 1460 1247 ἐν
1491 1205 1572 1260 ὅλῃ
1608 1207 1659 1260 τῇ
1685 1205 1802 1247 νυκτὶ

390 1286 526 1326 ταῦτα
546 1282 668 1337 μόλις
690 1283 977 1339 ἐξεμηρύσατο
999 1287 1073 1336 τῆς
1093 1283 1324 1340 χαράδρας.

504 1353 508 1356 ”
1496 1342 1561 1384 (iii.
1582 1342 1652 1384 53.)

475 1443 639 1485 XLIII.
674 1444 854 1498 Πολλὴν
887 1445 960 1488 οὖν
994 1443 1238 1497 ποιούμενος
1265 1442 1466 1499 πρόνοιαν
1495 1442 1700 1494 Ἀννίβας
1731 1447 1804 1495 τῆς

385 1520 626 1575 ἐπιμελείας
666 1524 805 1565 αὐτῶν
845 1524 1050 1566 ἀνεκτᾶτο
1091 1522 1162 1565 καὶ
1203 1522 1277 1568 τὰς
1317 1521 1469 1578 ψυχὰς
1511 1522 1598 1576 ἅμα
1638 1522 1709 1564 καὶ
1749 1521 1803 1563 τὰ

387 1600 567 1654 σώματα
599 1603 683 1644 τῶν
717 1602 892 1658 ἀνδρῶν,
926 1600 1075 1655 ὁμοίως
1107 1601 1150 1644 δὲ
1185 1601 1255 1644 καὶ
1286 1603 1369 1643 τῶν
1398 1600 1554 1643 ἵππων.
1628 1599 1733 1654 μετὰ
1762 1599 1804 1641 δὲ

388 1682 534 1727 ταῦτα,
558 1678 950 1736 προσανειληφυίας
967 1680 1044 1733 ἤδη
1066 1684 1140 1733 τῆς
1162 1679 1384 1733 δυνάμεως,
1408 1681 1493 1721 τῶν
1512 1677 1740 1734 Ταυρίνων,
1766 1677 1806 1719 οἳ

390 1759 655 1814 τυγχάνουσι
680 1758 785 1814 πρὸς
813 1761 864 1814 τῇ
895 1758 1112 1817 παρωρεία
1143 1761 1448 1807 κατοικοῦντες,
1485 1756 1805 1809 στασιαζόντων

390 1837 466 1891 μὲν
486 1836 590 1893 πρὸς
612 1837 708 1882 τοὺς
718 1838 980 1893 Ἴνσομβρας
1003 1837 1297 1880 ἀπιστούντων
1315 1836 1357 1878 δὲ
1374 1840 1460 1881 τοῖς
1482 1835 1802 1892 Καρχηδονίοις,

392 1915 440 1958 τὸ
459 1915 535 1969 μὲν
555 1919 725 1972 πρῶτον
746 1916 898 1961 αὐτοὺς
919 1916 974 1961 εἰς
996 1916 1144 1972 φιλίαν
1158 1918 1440 1972 προυκαλεῖτο
1456 1915 1525 1957 καὶ
1541 1913 1803 1969 συμμαχίαν,

392 1995 474 2050 οὐχ
514 1994 814 2037 ὑπακουόντων
856 1995 898 2037 δὲ
937 1994 1405 2050 περιστρατοπεδεύσας
1444 1993 1520 2047 τὴν
1557 1992 1807 2049 βαρυτάτην

392 2072 521 2115 πόλιν
560 2074 602 2116 ἐν
641 2074 780 2129 τρισὶν
820 2074 990 2129 ἡμέραις
1029 2073 1392 2129 ἐξεπολιόρκησεν,
1442 2072 1724 2128 κατασφάξας
1765 2071 1807 2113 δὲ

394 2151 489 2197 τοὺς
519 2151 843 2197 ἐναντιωθέντας
873 2154 986 2208 αὑτῷ
1018 2156 1205 2194 τοιοῦτον
1238 2152 1513 2207 ἐνειργάσατο
1549 2149 1687 2206 φόβον
1719 2152 1806 2194 τοῖς

396 2230 600 2285 σύνεγγυς
621 2234 891 2273 κατοικοῦσιν
913 2233 996 2273 τῶν
1015 2231 1256 2287 βαρβάρων
1281 2230 1390 2272 ὥστε
1414 2229 1579 2274 πάντας
1599 2230 1646 2271 ἐκ
1666 2226 1806 2284 χειρὸς

396 2309 709 2365 παραγίνεσθαι
737 2308 926 2355 διδόντας
947 2309 1096 2354 αὑτοὺς
1121 2309 1176 2354 εἷς
1198 2309 1273 2362 τὴν
1300 2307 1461 2351 πίστιν.
1522 2307 1568 2350 τὸ
1591 2307 1633 2349 δὲ
1653 2305 1806 2348 λοιπὸν

398 2389 562 2442 πλῆθος
584 2391 668 2431 τῶν
698 2388 751 2430 τὰ
781 2388 906 2431 πεδία
937 2387 1245 2431 κατοικούντων
1278 2389 1456 2429 Κελτῶν
1480 2385 1713 2438 ἐσπούδαζε
1732 2384 1807 2438 μὲν
