1980 3290
403 288 492 338 296
599 289 1012 340 MONUMENTA
1038 289 1387 339 HISTORICA
1416 290 1683 341 OELTICA

400 420 631 472 ποιήσουσι
677 421 772 465 τοὺς
821 420 931 462 κατὰ
980 420 1056 473 τὴν
1096 420 1288 476 Ἰβηρίαν
1328 423 1380 466 ὡς
1420 421 1556 464 ἱκανοὶ
1595 421 1812 476 γεγονότες

402 498 632 541 ἀντίπαλοι
652 499 883 552 Ῥωμαίοις.
930 498 1075 554 διόπερ
1097 498 1241 552 ἠξίουν
1262 499 1287 551 ἢ
1307 498 1445 551 μένειν
1465 499 1519 541 τὰ
1540 499 1813 555 στρατόπεδα

402 577 512 618 κατὰ
533 577 608 630 τὴν
628 577 822 632 Ἰβηρίαν
843 577 912 618 καὶ
936 576 1172 627 διαβαίνειν
1193 579 1288 619 καθ’
1310 577 1491 619 ἕκαστον
1512 578 1601 622 ἔτος
1622 579 1813 620 ὕπατον1

402 655 708 710 ἐφεδρεύσοντα
730 659 814 700 τοῖς
836 657 1078 710 συμμάχοις
1110 655 1180 696 καὶ
1203 655 1448 697 κολάσοντα
1469 655 1543 700 τὰς
1563 656 1814 712 Ἀραυακῶν

404 732 580 780 ἀδικίας,
626 734 652 786 ἢ
699 733 984 786 βουλομένους
1023 733 1204 786 ἀπάγειν
1243 733 1318 777 τὰς
1357 732 1548 786 δυνάμεις
1586 734 1814 789 παραδειγ-

402 811 631 864 ματιστέον
669 811 774 853 εἶναι
814 811 890 863 τὴν
929 814 1012 852 τῶν
1051 810 1358 866 προειρημένων
1397 811 1705 858 ἐπανάστασιν,
1748 812 1816 854 ἵνα

402 889 543 943 μηδεὶς
564 890 625 931 ἔτι
646 893 781 931 ποιεῖν
803 889 935 945 θαρρῇ
957 888 1004 929 τὸ
1026 888 1334 943 παραπλήσιον
1355 888 1530 933 τούτοις·
1591 890 1631 930 οἱ
1649 889 1724 943 μὲν
1744 890 1816 931 οὖν

404 969 582 1009 Βελλῶν
615 968 686 1009 καὶ
716 967 878 1009 Τίττων
909 970 1230 1021 συμμαχοῦντες
1251 965 1470 1019 Ῥωμαίοις
1495 971 1630 1009 ταῦτα
1661 968 1732 1009 καὶ
1764 967 1817 1009 τὰ

406 1045 567 1090 τούτοις
588 1045 878 1100 παραπλήσια
901 1044 1198 1100 διελέχθησαν·
1251 1045 1320 1085 ἐπὶ
1343 1044 1385 1085 δὲ
1407 1044 1569 1089 τούτοις
1590 1045 1818 1098 εἰσήγαγον

407 1123 500 1167 τοὺς
521 1123 638 1178 παρὰ
655 1127 737 1165 τῶν
757 1122 984 1176 πολεμίων.
1036 1123 1075 1164 οἱ
1096 1122 1128 1163 δ’
1151 1122 1386 1176 'Apamiam
1403 1122 1687 1178 παρελθόντες
1708 1122 1817 1164 κατὰ

405 1202 481 1255 μὲν
502 1202 577 1254 τὴν
599 1201 826 1257 ὑπόκρισιν
851 1203 1036 1257 ἐχρῶντο
1067 1204 1153 1244 τοῖς
1182 1199 1325 1254 λόγοις
1357 1200 1726 1245 ὑποπεπτωκότως
1747 1201 1818 1242 καὶ

408 1283 628 1327 ταπεινῶς,
651 1283 702 1334 τῇ
732 1298 780 1333 γε
808 1279 891 1332 μὴν
920 1278 1176 1334 προαιρέσει,
1200 1279 1253 1322 ὡς
1284 1278 1508 1333 διέφαινον,
1541 1280 1617 1320 οὐκ
1647 1279 1819 1334 εἰκούσῃ

408 1362 492 1402 τοῖς
522 1358 636 1402 ὅλοις
666 1358 749 1399 οὐδ’
782 1357 1010 1411 ἡττωμένῃ.
1071 1357 1142 1398 καὶ
1183 1356 1264 1410 γὰρ
1304 1356 1356 1397 τὰ
1396 1360 1469 1408 τῆς
1510 1357 1641 1412 τύχης
1681 1357 1821 1409 ἄδηλα

408 1436 622 1480 πολλάκις
680 1435 959 1482 ὑπεδείκνυον,
1021 1435 1091 1476 καὶ
1141 1434 1215 1478 τὰς
1263 1435 1621 1489 προγεγενημένας
1677 1436 1822 1491 μάχας

410 1512 711 1568 ἀμφιδηρίτους
751 1517 966 1556 ποιοῦντες
1007 1513 1048 1553 ἐν
1087 1513 1249 1555 πάσαις
1290 1512 1474 1567 ἔμφασιν
1514 1513 1729 1555 ἀπέλιπον
1769 1515 1822 1557 ὡς

409 1591 744 1646 ἐπικυδεστὲρων
776 1592 915 1632 αὐτῶν
949 1590 1195 1643 γεγονότων.
1256 1590 1377 1634 τέλος
1408 1590 1442 1630 δ’
1472 1592 1523 1643 ἦν
1554 1593 1637 1633 τῶν
1665 1590 1821 1644 λόγων·

410 1669 444 1710 εἰ
472 1669 548 1722 μέν
579 1687 618 1710 τι
654 1669 716 1710 δεῖ
743 1668 871 1724 ῥητὸν
895 1667 1133 1724 πρόστιμον
1165 1668 1383 1721 ὑπομένειν
1414 1672 1486 1720 τῆς
1517 1668 1701 1722 ἀγνοίας,
1724 1670 1822 1710 ἀνα-

413 1747 614 1803 δέχεσθαι
646 1751 768 1788 τοῦτο
801 1747 979 1802 ἔφασαν,
1013 1745 1284 1790 τελεσθέντος
1318 1746 1360 1787 δὲ
1391 1750 1465 1787 τοῦ
1494 1749 1824 1802 προστάγματος

412 1825 638 1877 ἐπανάγειν
669 1824 813 1877 ἠξίουν
844 1825 913 1866 ἐπὶ
947 1825 1021 1869 τὰς
1055 1822 1164 1865 κατὰ
1196 1824 1392 1879 Τιβέριον
1428 1823 1654 1878 ὁμολογίας
1685 1825 1825 1867 αὐτοῖς

413 1902 636 1956 γενομένας
657 1902 762 1957 πρὸς
784 1903 860 1955 τὴν
881 1902 1156 1956 σύγκλητον.2

1537 1961 1659 2001 (xxxv.
1680 1960 1726 2001 2.)

499 2036 738 2084 LXXXVI.
769 2044 826 2086 Οἱ
843 2044 884 2085 δὲ
901 2045 943 2086 ἐν
960 2048 1017 2099 τῷ
1035 2043 1236 2099 συνεδρίῳ
1253 2043 1550 2087 διακούσαντες
1566 2042 1825 2099 ἀμφοτέρων,

415 2121 643 2175 εἰσήγαγον
664 2123 758 2167 τοὺς
779 2124 897 2178 παρὰ
919 2128 991 2165 τοῦ
1014 2124 1280 2179 Μαρκέλλου
1300 2123 1517 2178 πρέσβεις.
1579 2125 1828 2178 θεωροῦντες

416 2199 459 2241 δὲ
480 2200 551 2241 καὶ
573 2201 744 2245 τούτους
764 2201 968 2256 ῥέποντας
999 2203 1066 2244 ἐπὶ
1089 2202 1164 2254 τὴν
1186 2202 1382 2243 διάλυσιν
1402 2202 1473 2243 καὶ
1495 2201 1568 2243 τὸν
1589 2199 1830 2256 στρατηγὸν

480 2579 487 2597 ¹
514 2577 613 2610 From
643 2579 702 2610 195
720 2581 756 2610 to
775 2579 836 2610 154
864 2588 930 2611 Rc.
959 2579 1017 2610 the
1044 2582 1112 2610 two
1139 2579 1302 2610 djvisions
1325 2578 1359 2610 of
1375 2579 1480 2620 Spain
1497 2588 1581 2610 were
1597 2578 1774 2610 entrusted
1791 2581 1828 2610 to

415 2633 578 2669 praetors.

476 2679 489 2699 2
511 2681 602 2712 That
618 2681 656 2718 is,
676 2690 741 2713 13.c.
762 2682 833 2714 177.
