1980 3290
364 276 453 325 246
508 278 919 328 MONUMENTA
953 280 1300 329 HISTORIOA
1334 280 1599 329 OELTIGA

360 406 436 460 τὴν
457 408 560 460 ὅλην
591 409 814 462 ἐπιβολήν.
874 412 958 452 τῶν
989 410 1031 451 δὲ
1062 409 1315 465 φασκόντων
1346 412 1487 455 καλῶς
1517 409 1667 453 εἰδέναι
1702 409 1773 451 καὶ

362 485 438 538 τὴν
468 490 542 539 τῆς
575 487 740 533 πόλεως
768 487 931 530 ἅλωσιν
962 488 1032 530 καὶ
1062 488 1138 541 τὴν
1168 491 1252 531 τῶν
1283 489 1622 544 ἐγχειρησάντων
1644 486 1774 530 αὐτὸν

362 564 519 607 ἀδικεῖν
540 566 768 613 ἀπώλειαν,
801 566 871 608 καὶ
902 566 1223 622 διασαφούντων
1253 567 1317 608 ὅτι
1338 566 1511 622 πάρεισι
1542 566 1609 608 διὰ
1640 569 1776 608 ταῦτα

363 643 618 697 βουλόμενοι
656 644 761 697 μήτε
801 648 980 697 ποιῆσαι
1028 645 1133 698 μήτε
1181 645 1334 687 παθεῖν
1384 644 1585 700 δυσχερὲς
1632 643 1773 698 μηδέν,

364 722 714 778 ὑπισχνουμένων
748 722 791 764 δὲ
824 723 895 765 καὶ
928 723 1077 765 δώσειν
1107 723 1154 776 ἐξ
1182 724 1321 765 αὐτῶν
1352 723 1499 778 ὅμηρα,
1532 722 1670 765 πολὺν
1701 721 1777 775 μὲν

361 799 516 855 χρόνον
540 802 772 852 ηὐλαβεῖτο
794 801 864 843 καὶ
887 801 1099 853 διηπίστει
1129 805 1216 846 τοῖς
1245 800 1497 855 λεγομένοις,
1522 799 1775 854 συλλογιζό-

363 895 485 930 μενος
525 878 572 920 δὲ
604 886 625 908 '³¹²
658 881 717 923 ὡς
750 878 1016 933 δεξάμενος
1054 880 1129 933 μὲν
1157 879 1210 922 τὰ
1245 879 1555 934 προτεινόμενα,
1594 878 1692 934 τάχ’
1728 877 1780 919 ἂν

365 957 466 1000 ἴσως
487 956 822 1013 εὐλαβεστέρους
844 958 913 1000 καὶ
934 958 1193 1015 πραοτέρους
1223 957 1402 1010 ποιήσαι
1424 957 1518 1002 τοὺς
1540 974 1779 1012 παραὙεὙο-

364 1033 498 1081 νότας,
520 1034 577 1088 μὴ
599 1035 937 1090 προσδεξάμενος
960 1036 1002 1078 δὲ
1017 1036 1256 1091 προδήλους
1271 1036 1351 1088 ἕξει
1368 1034 1596 1089 πολεμίους
1617 1032 1780 1080 αὐτούς,

366 1113 678 1166 συγκατένευσε
726 1117 813 1159 τοῖς
861 1113 1104 1168 λεγομένοις
1149 1114 1218 1155 καὶ
1260 1112 1546 1169 συνυπεκρίθη
1587 1112 1782 1154 τίθεσθαι

367 1190 517 1246 φιλίαν
533 1191 637 1247 πρὸς
654 1191 818 1237 αὐτούς.
860 1195 943 1235 τῶν
961 1192 1003 1234 δὲ
1023 1192 1263 1247 βαρβάρων
1281 1191 1333 1233 τὰ
1349 1192 1485 1247 ὅμηρα
1505 1190 1784 1247 παραδόντων

367 1269 438 1311 καὶ
475 1268 685 1324 θρέμμασι
715 1270 1014 1326 χορηγούντων
1044 1269 1238 1326 ἀφθόνως
1269 1269 1339 1311 καὶ
1371 1268 1556 1311 καθόλου
1585 1269 1784 1311 διδόντων

368 1350 482 1403 σφᾶς
521 1348 674 1393 αὐτοὺς
713 1349 769 1393 εἰς
810 1349 886 1394 τὰς
933 1352 1079 1405 χεῖρας
1128 1348 1477 1403 ἀπαρατηρήτως,
1529 1347 1598 1389 ἐπὶ
1647 1346 1785 1389 ποσὸν

368 1425 628 1468 ἐπίστευσαν
660 1427 827 1483 οἱπερὶ
868 1426 940 1469 τὸν
973 1426 1193 1477 Ἀννίβαν,
1233 1426 1343 1468 ὥστε
1383 1426 1454 1468 καὶ
1496 1424 1784 1479 καθηγεμόσιν

369 1506 510 1549 αὐτοῖς
530 1506 723 1560 χρῆσθαι
743 1505 847 1561 πρὸς
869 1505 944 1550 τὰς
966 1506 1060 1558 ἑξῆς
1092 1504 1347 1561 δυσχωρίας.
1410 1503 1785 1560 προπορευομένων

369 1583 402 1624 δ’
435 1584 575 1625 αὐτῶν
606 1583 674 1626 ἐπὶ
707 1583 766 1625 δύ’
800 1584 981 1639 ἡμέραις,
1015 1583 1392 1640 συναθροισθέντες
1423 1583 1462 1625 οἱ
1492 1581 1783 1638 προειρημένοι

369 1662 439 1703 καὶ
462 1662 912 1715 συνακολουθήσαντες
933 1661 1201 1710 ἐπιτίθενται,
1226 1663 1429 1718 φάραγγά
1450 1679 1545 1704 τινα
1566 1660 1785 1711 δύσβατον

370 1741 439 1782 καὶ
461 1740 683 1796 κρημνώδη
705 1741 1016 1797 περαιουμένων
1038 1743 1192 1784 αὐτῶν.

1482 1799 1547 1840 (iii.
1569 1798 1639 1840 5⁸2.)

458 1893 596 1932 XLII.
630 1888 702 1934 Ἐν
724 1891 754 1948 ᾧ
778 1895 909 1948 καιρῷ
931 1893 1096 1937 πάντας
1125 1892 1181 1934 ἂν
1209 1891 1339 1948 ἄρδην
1361 1890 1601 1933 ἀπολέσθαι
1623 1888 1785 1940 συνέβη

370 1969 466 2014 τοὺς
486 1970 581 2025 περὶ
604 1969 676 2012 τὸν
697 1970 917 2022 Ἀννίβαν,
951 1971 986 2012 εἰ
1014 1971 1072 2024 μὴ
1101 1970 1276 2016 δεδιότες
1307 1970 1444 2024 ἀκμὴν
1467 1969 1535 2011 ἐπὶ
1557 1966 1694 2011 ποσὸν
1715 1967 1786 2009 καὶ

370 2047 654 2103 προορώμενοι
685 2048 731 2090 τὸ
761 2048 923 2102 μέλλον
951 2049 1004 2090 τὰ
1031 2049 1106 2102 μὲν
1138 2048 1379 2104 σκευοφόρα
1410 2048 1480 2090 καὶ
1512 2047 1608 2091 τοὺς
1641 2046 1785 2090 ἱππεῖς*

371 2125 486 2182 εἶχον
507 2126 549 2168 ἐν
571 2128 622 2180 τῇ
645 2126 955 2185 πρωτοπορείᾳ,
985 2127 1080 2172 τοὺς
1106 2127 1138 2168 δ’
1172 2126 1354 2171 ὁπλίτας
1382 2127 1450 2168 ἐπὶ
1473 2129 1547 2178 τῆς
1569 2123 1781 2180 οὐραγίας·
