1980 3290
416 258 505 306 226
573 258 984 307 MONUMENTA
1016 259 1362 306 HISTORIOA
1397 259 1662 308 OELTIOA

417 387 756 443 ἐκχωρησάντων
795 388 851 433 εἰς
897 388 944 429 τὸ
986 387 1253 430 Μεδιόλανον
1294 391 1376 430 τῶν
1422 389 1641 436 Γαλατῶν,
1692 389 1826 445 ὅσπερ

417 466 508 507 ἐστὶ
531 466 785 521 κυριώτατος
810 465 938 510 τόπος
969 468 1042 517 τῆς
1072 468 1155 508 τῶν
1183 465 1448 521 Ἰνσόμβρων
1477 465 1632 521 χώρας.
1692 467 1752 512 οἷς
1782 468 1827 509 ἐκ

415 542 543 588 ποδὸς
582 543 1007 595 ἐπακολουθήσαντος
1055 547 1129 585 τοῦ
1177 542 1331 585 Γναίου
1380 543 1450 585 καὶ
1498 543 1828 598 προσβαλόντος

416 620 536 676 ἄφνω
567 619 673 676 πρὸς
705 620 753 662 τὸ
789 620 1058 663 Μεδιόλανον
1089 620 1137 662 τὸ
1166 621 1242 674 μὲν
1269 624 1437 676 πρῶτον
1467 620 1652 676 ἡσυχίαν
1683 621 1826 677 ἔσχον,

416 698 708 751 ἀπολυομένου
730 698 763 740 δ’
795 700 922 741 αὐτοῦ
953 698 1086 741 πάλιν
1117 699 1172 743 εἰς
1202 699 1276 744 τὰς
1303 698 1511 755 Ἀχέρρας
1533 699 1829 752 ἐπεξελθόντες

416 777 487 819 καὶ
519 780 593 828 τῆς
628 776 828 832 οὐραγίας
862 778 1077 831 ἁψάμενοι
1111 776 1298 831 θρασέως
1332 777 1522 822 πολλοὺς
1556 777 1631 831 μὲν
1663 777 1830 833 νεκροὺς

416 854 633 906 ἐποίησαν,
664 853 786 910 μέρος
817 854 860 896 δέ
890 872 930 896 τι
959 855 1030 896 καὶ
1062 858 1210 909 φυγεῖν
1241 857 1378 897 αὐτῶν
1408 855 1670 909 ἠνάγκασαν,
1704 855 1778 900 ἕως
1809 854 1829 898 ὁ

415 934 564 976 Γναῖος
584 932 954 985 ἀνακαλεσάμενος
975 932 1070 977 τοὺς
1091 933 1136 974 ἐκ
1150 936 1222 985 τῆς
1238 933 1557 988 πρωτοπορείας
1571 932 1831 989 παρώρμησε

417 1015 570 1063 στῆναι
606 1011 676 1052 καὶ
707 1012 949 1063 συμβαλεῖν
980 1013 1065 1054 τοῖς
1095 1009 1324 1064 πολεμίοις.
1384 1010 1424 1052 οἱ
1446 1010 1521 1064 μὲν
1542 1011 1614 1053 οὖν
1635 1010 1832 1064 Ῥωμαῖοι

416 1089 783 1145 πειθαρχήσαντες
804 1090 862 1144 τῷ
884 1089 1112 1143 στρατηγῷ
1144 1087 1395 1143 διεμάχοντο
1426 1087 1532 1143 πρὸς
1563 1088 1657 1133 τοὺς
1677 1089 1829 1130 ἐπικει-

416 1166 563 1220 μένους
602 1166 832 1222 εὐρώστως·
872 1166 912 1207 οἱ
951 1165 994 1207 δὲ
1035 1166 1192 1207 Κελτοὶ
1233 1165 1300 1207 διὰ
1339 1165 1387 1207 τὸ
1436 1165 1575 1221 παρὸν
1616 1165 1833 1222 εὐτύχημα

416 1244 628 1298 μείναντες
667 1244 736 1286 ἐπὶ
776 1243 914 1286 ποσὸν
953 1243 1178 1299 εὐθαρσῶς,
1220 1243 1308 1296 μετ’
1349 1245 1395 1286 οὐ
1444 1244 1558 1286 πολὺ
1606 1243 1833 1299 τραπέντες

418 1323 593 1378 ἔφευγον
614 1323 670 1368 εἰς
691 1322 766 1367 τὰς
785 1321 1036 1378 παρωρείας.
1098 1320 1118 1363 ὁ
1141 1321 1183 1363 δὲ
1204 1324 1351 1367 Γναῖος
1382 1322 1738 1375 ἐπακολουθήσας
1757 1322 1834 1376 τήν

419 1420 464 1444 τε
484 1402 630 1458 χώραν
657 1399 825 1456 ἐπόρθει
846 1401 916 1442 καὶ
947 1399 995 1442 τὸ
1025 1399 1294 1442 Μεδιόλανον
1324 1401 1413 1443 εἷλε
1443 1400 1552 1442 κατὰ
1579 1401 1744 1456 κράτος·
1786 1400 1833 1442 οὔ

420 1478 731 1533 συμβαίνοντος
766 1479 806 1521 οἱ
839 1481 1102 1534 προεστῶτες
1134 1481 1217 1521 τῶν
1256 1477 1535 1534 Ἰνσόμβρων,
1578 1477 1834 1532 ἀπογνόντες

421 1558 495 1603 τὰς
522 1561 596 1610 τῆς
626 1557 836 1613 σωτηρίας
857 1556 1045 1604 ἐλπίδας,
1064 1558 1208 1599 πάντα
1230 1557 1282 1598 τὰ
1303 1557 1397 1600 καθ’
1419 1556 1570 1602 αὑτοὺς
1592 1556 1834 1614 ἐπέτρεψαν

422 1635 651 1690 Ῥωμαίοις.

1546 1694 1597 1735 (ii.
1617 1693 1689 1736 34.)

509 1789 672 1829 XXIX.
706 1787 756 1829 ‘O
786 1787 861 1841 μὲν
892 1788 965 1830 οὖν
993 1787 1098 1843 πρὸς
1120 1787 1214 1833 τοὺς
1236 1787 1424 1832 Κελτοὺς
1444 1786 1629 1841 πόλεμος
1650 1791 1837 1831 τοιοῦτον

423 1866 527 1921 ἔσχε
566 1865 614 1907 τὸ
654 1865 787 1913 τέλος,
829 1866 939 1908 κατὰ
977 1866 1053 1920 μὲν
1093 1865 1170 1918 τὴν
1205 1865 1412 1908 ἀπόνοιαν
1438 1866 1507 1909 καὶ
1550 1865 1715 1920 τόλμαν
1754 1868 1837 1909 τῶν

424 1943 737 1998 ἀγωνιζομένων
758 1944 930 2000 ἀνδρῶν,
956 1945 1016 1987 ἔτι
1041 1944 1083 1986 δὲ
1106 1944 1215 1986 κατὰ
1239 1944 1313 1988 τὰς
1332 1944 1477 2000 μάχας
1497 1945 1568 1987 καὶ
1596 1943 1642 1987 τὸ
1672 1945 1838 1998 πλῆθος

425 2023 508 2062 τῶν
544 2020 586 2062 ἐν
620 2021 765 2065 αὐταῖς
797 2019 1106 2074 ἀπολλυμένων
1142 2021 1211 2062 καὶ
1251 2019 1636 2076 παραταττομένων
1676 2019 1839 2066 οὐδενὸς

427 2096 753 2152 καταδεέστερος
784 2100 867 2140 τῶν
899 2097 1194 2153 ἱστορημένων,
1226 2097 1337 2139 κατὰ
1369 2097 1411 2139 δὲ
1432 2097 1507 2143 τὰς
1528 2097 1738 2149 ἐπιβολὰς
1767 2099 1838 2141 καὶ

427 2175 503 2228 τὴν
525 2174 723 2230 ἀκρισίαν
744 2179 817 2218 τοῦ
838 2175 947 2217 κατὰ
967 2175 1090 2231 μέρος
1109 2179 1332 2231 χειρισμοῦ
1353 2175 1503 2221 τελέως
1527 2176 1836 2233 εὐκαταφρόνη-

426 2272 496 2299 τος
520 2252 588 2295 διὰ
605 2252 652 2295 τὸ
673 2252 730 2307 μὴ
752 2252 805 2294 τὸ
827 2257 976 2296 πλεῖον
997 2253 1114 2295 ἀλλὰ
1136 2253 1392 2306 συλλήβδην
1422 2254 1537 2297 ἅπαν
1556 2253 1604 2296 τὸ
1624 2254 1839 2308 γινόμενον

428 2332 510 2375 ὑπὸ
538 2334 620 2374 τῶν
656 2333 865 2373 Γαλατῶν
901 2333 1018 2387 θυμῷ
1050 2335 1218 2385 μᾶλλον
1248 2332 1274 2384 ἢ
1304 2334 1498 2388 λογισμῷ
1527 2332 1835 2387 βραβεύεσθαι·

426 2411 522 2466 περὶ
544 2410 600 2452 ὧν
622 2412 747 2463 ἡμεῖς,
771 2409 1139 2464 συνθεωρήσαντες
1158 2409 1247 2462 μετ’
1279 2409 1426 2464 ὀλίγον
1446 2409 1601 2465 χρόνον
1622 2410 1772 2456 αὐτοὺς
1792 2411 1838 2452 ἐκ

461 2492 478 2502 Α
612 2488 621 2504 N
679 2487 689 2501 Χ
800 2487 811 2501 Ι
994 2486 1004 2501 Ι
1103 2488 1112 2502 9
1242 2486 1252 2502 Ι
1456 2486 1466 2503 Χ
1528 2488 1537 2501 5
1579 2487 1590 2503 Ι
1732 2487 1742 2504 Ι

426 2507 509 2532 των
529 2505 624 2545 περι
646 2505 719 2530 τον
741 2487 887 2530 Παδον
908 2487 1062 2531 πεδιων
1092 2488 1353 2542 εξωσθεντας
1382 2494 1498 2542 πλην
1520 2494 1676 2543 ολιγων
1696 2506 1837 2531 τοπων
