1980 3290
448 266 535 313 180
597 266 1007 313 MONUMENTA
1050 265 1397 313 HISTORICA
1442 266 1710 314 GELTICA

445 394 517 435 οὖν
538 396 688 448 πρῶτα
719 394 790 435 καὶ
821 394 917 448 περὶ
949 393 1022 438 τὰς
1053 393 1266 437 ἀνατολὰς
1298 397 1372 434 τοῦ
1393 394 1540 435 Πάδου
1562 394 1730 446 κείμενα
1752 397 1860 436 Λάοι

445 471 516 512 καὶ
556 471 766 521 Λεβέκιοι,
808 471 915 523 μετὰ
956 471 998 511 δὲ
1037 471 1207 514 τούτους
1241 472 1492 526 Ἴνσομβρες
1527 472 1795 526 κατῴκησαν,
1838 474 1858 513 ὃ

443 548 644 600 μέγιστον
666 549 780 592 ἔθνος
803 550 852 600 ’ῆν
873 550 1022 590 αὐτῶν·
1065 549 1158 600 ἑξῆς
1180 548 1222 589 δὲ
1250 548 1411 591 τούτοις
1433 549 1550 602 παρὰ
1572 549 1643 590 τὸν
1665 550 1857 602 ποταμὸν

446 628 687 678 Γονομάνοι.
748 626 801 667 τὰ
833 626 875 667 δὲ
905 626 1009 680 πρὸς
1041 625 1112 667 τὸν
1143 625 1316 680 Ἀδρίαν
1346 626 1424 677 ἤδη
1450 627 1721 680 προσήκοντα
1741 627 1858 680 Γγένος

444 704 556 744 ἄλλο
609 706 723 745 πάνυ
775 703 963 745 παλαιὸν
1022 703 1314 759 διακατέσχεν·
1384 705 1773 759 προσαγορεύονται
1824 705 1856 745 δ’

445 781 654 828 Οὐένετοι,
692 785 777 825 τοῖς
800 781 874 833 μὲν
902 782 1015 822 ἔθεσι
1046 782 1116 822 καὶ
1150 785 1207 835 τῷ
1238 780 1383 835 κόσμῳ
1412 781 1561 836 βραχὺ
1594 781 1858 837 διαφέροντες

446 861 632 905 Κελτῶν,
665 859 838 913 «γλώττῃ
870 859 903 900 δ’
935 858 1094 916 ἀλλοία
1123 860 1346 914 χρώμενοι·
1405 859 1501 913 περὶ
1533 845 1590 900 ὧν
1621 860 1659 901 οἱ
1694 877 1855 915 τραγῳ-

443 936 664 991 διογράφοι
689 937 827 978 πολύν
858 954 951 978 τινα
982 935 1235 987 πεποίηνται
1265 936 1396 989 λόγον
1427 936 1497 977 καὶ
1528 936 1699 989 πολλὴν
1722 937 1855 978 διατέ-

443 1015 600 1055 θεινται
637 1013 865 1069 τερατείαν.
926 1014 978 1055 τὰ
1010 1014 1052 1055 δὲ
1082 1014 1216 1069 πέραν
1247 1018 1320 1055 τοῦ
1352 1014 1513 1060 Πάδου,
1554 1013 1607 1056 τὰ
1646 1015 1742 1069 περὶ
1783 1014 1856 1055 τὸν

441 1092 700 1138 Ἀπεννῖνον,
741 1095 902 1146 πρῶτοι
940 1092 1016 1144 μὲν
1059 1093 1249 1147 ”Αναρες,
1297 1091 1404 1144 μετὰ
1445 1091 1487 1132 δὲ
1527 1091 1697 1136 τούτους
1738 1093 1855 1132 Βοῖοι

442 1169 711 1224 κατῴκησαν,
745 1169 838 1223 ἑξῆς
869 1170 912 1210 δὲ
942 1170 1102 1211 τούτων
1134 1172 1186 1214 ὡς
1216 1169 1320 1224 πρὸς
1341 1169 1414 1211 τὸν
1434 1168 1607 1223 Ἀδρίαν
1628 1168 1853 1223 Λίγγωνες,

441 1247 494 1288 τὰ
517 1247 559 1288 δὲ
580 1251 805 1288 τελευταῖα
825 1246 929 1301 πρὸς
952 1247 1147 1301 θαλάττῃ
1169 1246 1366 1299 Σήνωνες.

524 1336 587 1376 Τὰ
615 1336 690 1388 μὲν
720 1337 793 1377 οὖν
823 1336 1144 1390 ἐπιφανέστατα
1174 1338 1258 1377 τῶν
1289 1335 1597 1391 κατασχόντων
1628 1335 1723 1379 τοὺς
1753 1352 1854 1389 προ-

441 1413 677 1467 ειρημένους
716 1413 871 1457 τόπους
911 1415 1041 1455 ἐθνῶν
1080 1414 1198 1455 ταῦθ’
1240 1414 1443 1468 ὑπῆρχεν,
1487 1415 1622 1468 ᾤκουν
1663 1413 1705 1454 δὲ
1745 1413 1854 1454 κατὰ

443 1491 584 1543 κώμας
623 1490 904 1546 ἀτειχίστους,
947 1495 1020 1543 τῆς
1054 1495 1208 1543 λοιπῆς
1243 1495 1507 1543 κατασκευῆς
1547 1490 1712 1545 ἄμοιροι
1753 1492 1853 1532 καθ-

441 1571 632 1612 εστῶτες·
675 1569 743 1610 διὰ
782 1569 864 1623 «γὰρ
904 1569 952 1610 τὸ
992 1568 1332 1618 στιβαδοκοιτεῖν
1368 1569 1438 1609 καὶ
1488 1572 1752 1623 κρεαφανγεῖν,
1795 1569 1854 1609 ἔτι

442 1646 484 1687 δὲ
518 1646 645 1698 μηδὲν
684 1647 796 1688 ἄλλο
826 1646 943 1698 πλὴν
978 1646 1031 1687 τὰ
1066 1646 1279 1697 πολεμικὰ
1311 1647 1382 1687 καὶ
1416 1646 1469 1686 τὰ
1504 1646 1614 1687 κατὰ
1648 1645 1855 1700 ΓγεωρὙίαν

441 1725 601 1770 ἀσκεῖν,
642 1726 806 1768 ἁπλοῦς
845 1724 962 1779 εἶχον
1002 1723 1098 1768 τοὺς
1136 1722 1270 1773 βίους,
1320 1723 1405 1765 οὔτ’
1445 1723 1679 1777 ἐπιστήμης
1719 1723 1856 1773 ἄλλης

442 1807 536 1847 οὔτε
558 1806 708 1862 τέχνης
721 1808 822 1861 παρ’
836 1808 976 1850 αὐτοῖς
997 1806 1045 1848 τὸ
1066 1806 1273 1860 παράπαν
1293 1805 1616 1859 (γινωσκομένης.
1677 1806 1856 1860 ὕπαρξίς

440 1902 487 1937 νγε
506 1885 588 1936 μὴν
610 1884 805 1928 ἑκάστοις
836 1886 886 1936 ῆν
908 1884 1127 1938 θρέμματα
1148 1884 1218 1925 καὶ
1240 1883 1401 1939 χρυσὸς
1432 1883 1500 1925 διὰ
1521 1884 1568 1924 τὸ
1592 1883 1700 1936 μόνα
1722 1887 1856 1925 ταῦτα

440 1962 549 2003 κατὰ
572 1962 645 2005 τὰς
666 1962 939 2016 περιστάσεις
959 1960 1111 2018 ῥαδίως
1133 1961 1339 2003 δύνασθαι
1360 1965 1563 2016 πανταχῇ
1584 1965 1857 2015 περιαγαγεῖν

440 2040 510 2080 καὶ
543 2039 796 2092 μεθιστάναι
824 2039 935 2080 κατὰ
962 2039 1037 2082 τὰς
1067 2039 1206 2080 αὑτῶν
1236 2039 1514 2093 προαιρέσεις.
1575 2039 1670 2094 περὶ
1703 2038 1746 2079 δὲ
1781 2038 1855 2082 τὰς

440 2116 643 2171 ἑταιρείας
672 2116 879 2170 μεὙίστην
910 2116 1103 2168 σπουδὴν
1133 2117 1350 2157 ἐποιοῦντο
1383 2116 1451 2157 διὰ
1483 2116 1529 2157 τὸ
1561 2117 1631 2157 καὶ
1663 2116 1852 2170 φοβερώ-

441 2213 569 2236 τατον
608 2195 678 2235 καὶ
720 2194 1015 2235 δυνατώτατον
1053 2193 1156 2234 εἶναι
1197 2194 1298 2247 παρ’
1340 2194 1481 2238 αὐτοῖς
1523 2197 1673 2235 τοῦτον
1716 2193 1758 2237 ὃς
1803 2194 1854 2234 ἂν

439 2272 669 2316 πλείστους
704 2272 817 2327 ἔχειν
848 2272 949 2325 δοκῇ
981 2270 1076 2314 τοὺς
1108 2270 1414 2325 θεραπεύοντας
1445 2272 1515 2313 καὶ
1546 2274 1852 2325 συμπεριφερο-

439 2350 584 2401 μένους
606 2350 749 2403 αὐτῲ.1

1558 2406 1609 2447 (ii.
1632 2407 1704 2448 17.)

525 2502 627 2542 ΧΠ.
658 2500 742 2544 Τὰς
762 2500 836 2553 μὲν
857 2501 929 2541 οὖν
951 2499 1086 2555 ἀρχὰς
1108 2500 1154 2540 ου’
1175 2499 1302 2552 μόνον
1323 2503 1395 2551 τῆς
1415 2499 1559 2554 χώρας
1580 2499 1849 2554 ἐπεκράτουν,

439 2578 555 2618 ἀλλὰ
592 2579 661 2619 καὶ
698 2580 780 2619 τῶν
813 2578 1016 2630 σύνεγγυς
1047 2577 1236 2620 πολλοὺς
1268 2576 1477 2627 ὑπηκόους
1508 2575 1769 2628 ἐπεποίηντο,
1800 2581 1851 2631 τῇ

821 2681 829 2700 ¹
855 2682 901 2712 Cf.
922 2682 1051 2716 Caesar,
1070 2681 1149 2712 Bell.
1171 2682 1251 2713 Gall.
1271 2682 1315 2712 vi.
1338 2682 1452 2712 11-20.
