1980 3290
392 279 481 326 212
544 279 956 328 MONUMENTA
998 279 1346 330 HISTORICA
1391 281 1656 332 CELTIOA

389 410 563 450 Κελτῶν
585 408 806 462 δυνάμεως.
867 408 1151 465 ἀναρίθμητον
1171 411 1246 463 μὲν
1267 411 1348 467 γὰρ
1371 413 1421 465 ἣν
1442 412 1490 454 τὸ
1512 415 1596 455 τῶν
1615 415 1802 466 βυκανη-

386 488 469 527 τῶν
483 487 551 528 καὶ
566 489 848 540 σαλπιγκτῶν
861 488 1036 539 πλῆθος,
1056 488 1115 532 οἷς
1133 488 1219 542 ἄμα
1236 492 1310 531 τοῦ
1325 491 1486 535 παντὸς
1508 491 1803 546 στρατοπέδου

385 563 764 617 συμπαιανίζοντος
786 565 1046 616 τηλικαύτην
1068 567 1137 608 καὶ
1155 567 1352 619 τοιαύτην
1370 568 1596 618 συνέβαινε
1610 567 1804 622 γίνεσθαι

384 642 571 697 κραυγὴν
604 642 713 684 ὥστε
743 643 800 696 μὴ
835 642 962 696 μόνον
998 644 1073 688 τὰς
1107 646 1355 699 σάλπιγγας
1387 646 1458 687 καὶ
1502 646 1575 690 τὰς
1612 646 1803 699 δυνάμεις

382 721 499 762 ἀλλὰ
521 722 591 763 καὶ
612 721 707 765 τοὺς
728 721 1055 777 παρακειμένους
1086 723 1240 768 τόπους
1273 728 1565 779 συνηχοῦντας
1597 726 1643 777 ἐξ
1663 726 1801 767 αὐτῶν

384 799 519 842 δοκεῖν
540 801 762 856 προίεσθαι
784 800 938 855 φωνήν·
980 802 1244 854 ε’κπληκτικὴ
1277 802 1310 843 δ’
1348 803 1397 855 ἣν
1428 804 1498 845 καὶ
1529 806 1612 845 τῶν
1633 806 1801 856 γυμνῶν

383 880 664 933 προεστώτων
704 878 865 934 ἀνδρῶν
905 880 931 931 ἤ
972 880 1008 921 τ’
1057 881 1282 935 ἐπιφάνεια
1327 881 1397 922 καὶ
1446 880 1609 932 κίνησις
1649 883 1702 926 ὡς
1751 881 1803 922 ἃν

384 956 668 1012 διαφερόντων
696 961 788 1002 ταῖς
817 958 971 1011 ἀκμαῖς
999 959 1069 1000 καὶ
1099 962 1184 1003 τοῖς
1212 959 1352 1000 εἴδεσι.
1414 960 1570 1004 πάντες
1599 959 1632 1000 δ’
1663 959 1702 1001 οἱ
1728 958 1802 1003 τὰς

381 1036 551 1090 πρώτας
579 1036 829 1092 κατέχοντες
857 1036 1036 1091 σπείρας
1062 1040 1240 1092 χρυσοῖς
1267 1038 1493 1090 μανιάκαις
1521 1038 1591 1079 καὶ
1613 1036 1800 1093 περιχεί-

378 1130 465 1168 ροις
486 1115 595 1166 ἦσαν
617 1115 1046 1168 κατακεκοσμημένοι.
1107 1115 1211 1170 πρὸς
1232 1115 1258 1156 ἃ
1280 1115 1516 1165 βλέποντες
1537 1116 1575 1157 οἱ
1596 1116 1798 1169 Ῥωμαῖοι

380 1191 432 1232 τὰ
459 1191 533 1245 μὲν
561 1192 880 1245 ἐξεπλήττοντο,
910 1192 963 1234 τὰ
989 1192 1024 1233 δ’
1052 1192 1132 1234 ὑπὸ
1158 1196 1231 1244 τῆς
1253 1196 1325 1234 τοῦ
1352 1197 1603 1237 λυσιτελοῦς
1628 1192 1800 1237 ἐλπίδος

380 1269 575 1324 ἀγόμενοι
597 1270 836 1315 διπλασίως
857 1269 1154 1325 παρωξύνοντο
1176 1271 1281 1326 πρὸς
1302 1270 1374 1313 τὸν
1395 1270 1599 1313 κίνδυνον.

1508 1361 1559 1402 (ii.
1580 1361 1650 1403 29.)

468 1449 628 1490 XXIV.
662 1449 787 1501 Πλὴν
823 1449 909 1503 ἅμα
943 1453 1000 1504 τῷ
1034 1450 1128 1494 τοὺς
1162 1449 1416 1494 ἀκοντιστὰς
1438 1448 1724 1504 προελθόντας
1752 1450 1797 1490 ἐκ

379 1529 462 1568 τῶν
484 1527 727 1581 Ῥωμαϊκῶν
749 1527 1050 1583 στρατοπέδων
1072 1528 1182 1569 κατὰ
1204 1527 1276 1569 τὸν
1301 1527 1476 1581 ἐθισμὸν
1498 1527 1798 1579 εἰσακοντίζειν

377 1607 556 1660 ἐνεργοῖς
596 1607 667 1648 καὶ
707 1610 882 1651 πυκνοῖς
922 1610 1009 1651 τοῖς
1047 1606 1236 1656 βέλεσιν,
1281 1610 1366 1650 τοῖς
1407 1606 1481 1660 μὲν
1523 1606 1662 1647 ὀπίσω
1713 1608 1796 1647 τῶν

379 1687 554 1726 Κελτῶν
584 1684 755 1737 πολλὴν
786 1684 1045 1740 εὐχρηστίαν
1076 1685 1115 1726 οἱ
1146 1686 1271 1739 σάγοι
1293 1684 1399 1738 μετὰ
1430 1687 1512 1726 τῶν
1534 1683 1796 1738 ἀναξυρίδων

376 1766 598 1818 παρεῖχον,
631 1767 717 1808 τοῖς
749 1763 791 1804 δὲ
821 1767 991 1816 γυμνοῖς
1021 1766 1264 1818 προεστῶσι
1286 1762 1404 1817 παρὰ
1426 1761 1501 1814 τὴν
1532 1761 1794 1817 προσδοκίαν

376 1845 448 1883 τοῦ
470 1843 719 1896 πράγματος
750 1840 1062 1894 συμβαίνοντος
1093 1840 1298 1883 τάναντία
1326 1839 1497 1892 πολλὴν
1518 1839 1701 1895 ἀπορίαν
1723 1840 1794 1881 καὶ

377 1919 670 1975 δυσχρηστίαν
703 1923 882 1974 παρεῖχε
917 1919 965 1960 τὸ
997 1918 1226 1973 γινόμενον·
1270 1920 1316 1961 οὐ
1347 1918 1429 1973 γὰρ
1461 1917 1690 1972 δυναμένου
1720 1921 1794 1959 τοῦ

376 2000 617 2040 Γαλατικοῦ
654 1999 799 2053 θυρεοῦ
834 1997 907 2039 τὸν
943 1997 1074 2052 ἄνδρα
1110 1997 1395 2052 περισκέπειν,
1429 1997 1516 2052 ὅσῳ
1549 1995 1686 2050 γυμνὰ
1722 1996 1794 2038 καὶ

373 2076 497 2130 μείζω
531 2077 584 2118 τὰ
619 2078 780 2130 σώματ’
817 2077 879 2129 ἣν,
917 2074 1106 2131 τοσούτῳ
1139 2075 1367 2126 συνέβαινε
1397 2078 1566 2129 μᾶλλον
1598 2074 1651 2116 τὰ
1681 2073 1792 2126 βέλη

374 2154 546 2196 πίπτειν
581 2155 710 2197 ἔνδον.
771 2154 889 2198 τέλος
923 2154 957 2194 δ’
993 2155 1039 2194 οὐ
1072 2153 1291 2207 δυνάμενοι
1322 2154 1397 2207 μὲν
1425 2152 1668 2206 ἀμύνασθαι
1696 2151 1791 2196 τοὺς

374 2232 737 2285 εἰσακοντίζοντας
778 2232 846 2274 διὰ
886 2231 962 2284 τὴν
1003 2230 1247 2273 ἀπόστασιν
1288 2232 1358 2273 καὶ
1408 2231 1455 2272 τὸ
1496 2232 1661 2283 πλῆθος
1706 2233 1790 2272 τῶν

374 2311 619 2353 πιπτόντων
653 2313 810 2361 βελῶν,
852 2312 1176 2365 περικακοῦντες
1212 2309 1254 2351 δὲ
1287 2310 1357 2351 καὶ
1398 2308 1788 2365 δυσχρηστούμενοι

375 2393 459 2434 τοῖς
480 2392 703 2445 παροῦσιν,
728 2389 860 2443 οἱμὲν
891 2388 946 2432 εἷς
976 2387 1071 2431 τοὺς
1101 2387 1327 2441 πολεμίους
1359 2387 1441 2429 ὑπὸ
1467 2390 1540 2429 τοῦ
1563 2387 1693 2440 θυμοῦ
1715 2386 1787 2428 καὶ

373 2469 446 2517 τῆς
468 2464 719 2518 ἀλογιστίας
740 2465 829 2519 εἰκῇ
845 2462 1188 2519 προσπίπτοντες
1205 2463 1276 2505 καὶ
1299 2462 1480 2507 διδόντες
1501 2465 1615 2517 σφᾶς
1636 2461 1786 2506 αὐτοὺς

373 2542 572 2587 ἑκουσίως
607 2543 889 2595 ἀπέθνησκον,
927 2541 965 2583 οἱ
1001 2541 1033 2582 δ’
1067 2541 1123 2586 εἰς
1155 2541 1251 2586 τοὺς
1286 2541 1435 2596 φίλους
1471 2541 1787 2596 ἀναχωροῦντες
