1980 3290
378 233 467 281 206
534 234 944 283 MONUMENTA
980 233 1328 282 HISTORICA
1362 234 1626 283 OELTIOA

375 362 699 417 προνομεύοντες
739 364 786 416 ἐξ
835 364 972 404 αὐτῶν
1022 363 1274 416 ἐμπεσόντες
1314 363 1370 407 εἰς
1419 363 1514 408 τοὺς
1553 364 1671 420 παρὰ
1715 369 1789 408 τοῦ

377 441 505 482 Γαΐου
534 441 919 496 προπορευομένους
959 441 1168 488 ἑάλωσαν,
1212 442 1281 484 καὶ
1323 443 1376 483 τά
1416 459 1460 483 τε
1501 443 1789 498 προΎεΎονότα

376 518 604 574 διεσάφουν
635 518 946 575 ἀνακρινόμενοι
976 522 1034 574 τῷ
1067 523 1293 575 στρατηγῷ
1331 521 1399 563 καὶ
1435 519 1510 572 τὴν
1551 521 1790 576 παρουσίαν

375 596 621 652 ἀμφοτέρων
652 600 734 638 τῶν
762 597 1063 652 στρατοπέδων
1084 597 1359 651 ἀνήγγελλον,
1389 599 1661 651 σημαίνοντες
1684 599 1790 641 διότι

375 674 543 719 τελείως
578 675 782 729 σύνεγγύς
815 676 920 717 εἰσιν
962 676 1001 717 οἱ
1035 677 1190 718 Κελτοὶ
1231 678 1301 718 καὶ
1335 677 1494 718 τούτων
1529 676 1710 719 κατόπιν
1751 678 1790 720 οἱ

375 754 471 808 περὶ
503 754 577 795 τὸν
608 753 798 795 Λεύκιον.
859 753 878 795 ὁ
916 754 958 795 δὲ
991 754 1043 795 τὰ
1075 754 1149 807 μὲν
1183 755 1383 807 ξενισθεὶς
1416 756 1485 796 ἐπὶ
1525 760 1610 800 τοῖς
1653 774 1787 812 προσ-

375 831 596 879 πίπτουσι,
630 832 682 873 τὲι
724 831 758 872 δ’
793 833 960 876 εὔελπις
996 832 1212 886 Γγενόμενος
1252 834 1321 875 ἐπὶ
1359 836 1417 889 τῷ
1459 834 1594 875 δοκεῖν
1636 834 1789 887 μέσους

377 911 485 952 κατὰ
506 911 679 966 πορείαν
701 910 981 965 ἀπειληφέναι
1003 911 1097 955 τοὺς
1120 911 1320 958 Κελτούς,
1344 916 1430 956 τοῖς
1450 913 1523 965 μὲν
1544 914 1789 968 χιλιάρχοις

375 989 636 1045 παρήγγειλε
656 991 821 1030 τάττειν
843 988 895 1030 τὰ
918 989 1188 1044 στρατόπεδα
1220 990 1288 1032 καὶ
1310 990 1448 1042 βάδην
1471 992 1527 1035 εἰς
1549 991 1787 1046 τοῦμπροσ-

377 1068 445 1109 θεν
485 1069 698 1122 προάγειν,
741 1068 834 1109 καθ’
878 1068 978 1109 ὅσον
1019 1068 1070 1108 ἂν
1108 1068 1147 1109 οἱ
1186 1068 1309 1110 τόποι
1348 1069 1674 1124 προσδέχωνται
1714 1067 1790 1119 τὴν

374 1145 621 1200 μετωπηδὸν
656 1145 816 1200 ἔφοδον·
859 1146 984 1190 αὐτὸς
1019 1145 1060 1187 δὲ
1093 1147 1390 1202 συνθεωρήσας
1423 1147 1621 1202 εὐκαίρως
1652 1146 1788 1202 λόφον

377 1223 559 1278 κείμενον
594 1224 696 1279 ὑπὲρ
728 1223 803 1276 τὴν
836 1223 942 1272 ὁδόν,
979 1226 1047 1279 ὑφ’
1083 1225 1127 1266 ὃν
1161 1224 1240 1266 ἔδει
1279 1227 1653 1281 παραπορευθῆναι
1693 1226 1788 1269 τοὺς

379 1302 576 1349 Κελτούς,
605 1302 838 1353 ἀναλαβὼν
867 1303 960 1347 τοὺς
988 1303 1130 1347 ἱππεῖς
1158 1303 1327 1358 ὥρμησε
1354 1303 1548 1344 σπεύδων
1572 1321 1786 1358 προκατα-

375 1380 594 1431 λαβέσθαι
616 1379 691 1432 τὴν
712 1380 973 1436 ἀκρολοφίαν
995 1382 1064 1423 καὶ
1085 1384 1250 1436 πρῶτος
1264 1382 1471 1436 κατάρξαι
1493 1385 1566 1422 τοῦ
1586 1381 1787 1428 κινδύνου,

377 1458 652 1512 πεπεισμένος
683 1462 755 1510 τῆς
782 1460 1017 1514 ἐπιτγραφῆς
1047 1462 1130 1501 τῶν
1152 1458 1433 1509 ἐκβαινόντων
1455 1463 1660 1501 πλεῖστον
1683 1461 1791 1502 οὕτω

378 1536 719 1592 κληρονομήσειν.
782 1537 821 1579 οἱ
848 1536 890 1578 δὲ
919 1537 1075 1579 Κελτοὶ
1104 1537 1151 1579 τὸ
1172 1537 1246 1591 μὲν
1267 1539 1434 1592 πρῶτον
1456 1536 1531 1589 τὴν
1553 1538 1791 1593 παρουσίαν

378 1617 461 1656 τῶν
496 1616 590 1671 περὶ
626 1615 699 1657 τὸν
734 1614 922 1656 Ἀτίλιον
950 1616 1205 1669 ἀγνοοῦντες,
1236 1617 1281 1656 ἐκ
1309 1615 1350 1656 δὲ
1378 1619 1451 1657 τοῦ
1483 1614 1792 1669 συμβαίνοντος

381 1695 757 1746 ὑπολαμβάνοντες
797 1694 891 1737 τοὺς
926 1694 1021 1749 περὶ
1062 1694 1134 1735 τὸν
1175 1693 1372 1747 Αἰμίλιον
1408 1696 1792 1749 περιπεπορεῦσθαι

381 1770 456 1823 τὴν
476 1771 606 1813 νύκτα
621 1775 704 1816 τοῖς
727 1772 904 1814 ἱππεῦσι
921 1772 989 1814 καὶ
1003 1772 1502 1827 προκαταλαμβάνεσθαι
1520 1771 1612 1816 τοὺς
1627 1771 1792 1820 τόπους,

381 1849 528 1894 εὐθέως
555 1850 870 1902 ἐξαπέστελλον
898 1850 992 1894 τοὺς
1018 1850 1117 1906 παρ’
1145 1851 1283 1891 αὐτῶν
1311 1850 1453 1894 ἱππεῖς
1481 1849 1552 1891 και’
1578 1868 1692 1894 τινας
1712 1854 1794 1892 τῶν

381 1928 564 1979 εὐζώνων
604 1928 1000 1981 ἀντιποιησομένους
1046 1931 1128 1970 τῶν
1170 1928 1278 1970 κατὰ
1321 1928 1393 1969 τὸν
1433 1927 1590 1979 βουνὸν
1637 1927 1792 1970 τόπων.

381 2006 493 2061 ταχὺ
526 2005 568 2047 δὲ
603 2007 793 2051 συνέντες
826 2006 902 2058 τὴν
937 2010 1010 2048 τοῦ
1042 2008 1170 2048 Γαΐου
1205 2006 1445 2062 παρουσίαν
1487 2006 1532 2048 ἔκ
1572 2024 1680 2050 τινος
1712 2010 1794 2048 τῶν

381 2084 597 2139 ἀχθέντων
633 2085 919 2140 αἰχμαλώτων
960 2085 1125 2139 σπουδῇ
1165 2084 1460 2140 παρενέβαλον
1501 2085 1594 2128 τοὺς
1634 2084 1793 2136 πεζούς,

382 2161 617 2216 ποιούμενοι
645 2162 721 2214 τὴν
754 2163 921 2216 ἔκταξιν
949 2163 1036 2217 ἅμα
1063 2163 1168 2219 πρὸς
1195 2162 1394 2218 ἑκατέραν
1427 2162 1502 2215 τὴν
1535 2164 1792 2217 ἐπιφάνειαν,
