1980 3290
428 275 517 322 292
587 275 999 324 MONUMENTA
1032 278 1379 326 HISTORICA
1413 280 1678 329 CELTICA

426 403 681 451 Ῥόσκυνον,1
711 405 881 460 ῥέοντας
910 405 1028 461 παρὰ
1058 406 1203 451 πόλεις
1239 406 1491 462 ὁμωνύμους,
1514 410 1842 464 κατοικουμένας

426 482 507 524 ὑπὸ
531 486 720 525 Κελτῶν.

1508 545 1645 585 (xxxiv.
1667 546 1738 588 10.)

506 637 752 676 LXXXIII.
779 635 874 674 ’Έτι
888 633 995 688 φησὶ
1015 633 1235 683 Πολύβιος
1249 634 1313 688 ἐφ’
1330 635 1479 676 ἑαυτοῦ
1495 637 1587 676 κατ’
1603 637 1838 688 Ἀκυληίαν

425 713 613 761 μάλιστα
634 714 676 755 ἐν
698 716 783 756 τοῖς
798 710 1049 765 Ταυρίσκοις
1067 714 1152 755 τοῖς
1168 714 1376 766 Νωρικοῖς
1398 713 1615 767 εὑρεθῆναι
1635 719 1837 769 χρυσεῖον

421 791 550 835 οὕτως
581 791 726 846 εὐφυὲς
747 790 850 831 ὥστ’
879 789 947 831 ἐπὶ
979 788 1050 830 δύο
1080 788 1214 833 πόδας
1244 790 1509 845 ιἰποσύραντι
1531 790 1607 843 τὴν
1628 793 1836 844 ἐπιπολῆς

418 872 496 921 Γγῆν
529 869 649 913 εὐθὺς
684 867 860 923 ὀρυκτὸν
894 866 1167 921 εὑρίσκεσθαι
1201 866 1379 922 χρυσόν.
1439 868 1487 909 τὸ
1521 869 1557 909 δ’
1588 870 1751 924 ὄρυγμα
1774 869 1832 922 μὴ

417 946 628 988 πλειόνων
663 946 873 1001 ὑπάρχειν
905 945 930 997 ἦ
971 945 1275 986 πεντεκαίδεκα
1314 946 1468 987 ποδῶν.
1529 946 1634 988 εἶναι
1675 947 1718 988 δὲ
1758 951 1833 989 τοῦ

416 1029 581 1079 χρυσοῦ
603 1024 675 1066 τὸν
695 1024 770 1077 μὲν
795 1023 972 1065 αὐτόθεν
993 1022 1191 1077 καθαρόν,
1216 1025 1380 1076 κυάμου
1399 1023 1575 1077 μένγεθος
1605 1025 1630 1076 ἢ
1663 1025 1828 1080 θέρμου,

417 1107 489 1144 τοῦ
511 1102 662 1155 ὀγδόου
691 1102 839 1157 μέρους
878 1100 1006 1153 μόνον
1041 1100 1350 1155 ἀφεψηθέντος,
1385 1101 1457 1143 τὸν
1488 1102 1531 1143 δὲ
1562 1102 1725 1144 δεῖσθαι
1755 1103 1830 1155 μὲν

415 1179 592 1235 χωνείας
613 1180 818 1226 πλείονος,
836 1178 1004 1234 σφόδρα
1021 1179 1063 1220 δὲ
1078 1183 1344 1223 λυσιτελοῦς.
1392 1180 1772 1235 συνεργασαμένων
1787 1181 1831 1222 δὲ

415 1263 498 1303 τοῖς
527 1260 769 1313 βαρβάροις
810 1261 893 1299 τῶν
927 1258 1185 1299 Ἰταλιωτῶν
1216 1259 1257 1299 ἐν
1288 1257 1444 1312 διμήνῳ
1473 1262 1740 1313 παραχρῆμα
1780 1258 1828 1299 τὸ

412 1337 593 1392 χρυσίον
623 1335 872 1390 εὐωνότερον
900 1335 1098 1388 «γενέσθαι
1130 1339 1188 1389 τῷ
1220 1335 1347 1390 τρίτῳ
1376 1335 1490 1390 μέρει
1512 1336 1607 1376 καθ’
1628 1336 1731 1387 ὅλην
1752 1335 1828 1387 τὴν

411 1414 613 1456 Ἰταλίαν.
688 1413 964 1466 αἰσθομένους
1015 1414 1057 1454 δὲ
1107 1413 1200 1457 τοὺς
1249 1413 1512 1468 Ταυρίσκους
1560 1418 1826 1466 μονοπωλεῖν

411 1492 677 1543 ἐκβαλόντας
709 1491 803 1536 τοὺς
834 1491 1227 1546 συνερνγαζομένους.

1493 1550 1632 1591 (xxxiv.
1653 1550 1724 1592 14).)

492 1645 733 1684 LXXXIV.
765 1640 947 1695 Πύρινος
960 1639 1146 1692 πόλεμος
1161 1638 1180 1680 ὁ
1198 1639 1413 1692 Ῥωμαίων
1426 1639 1532 1694 πρὸς
1549 1639 1824 1695 Κελτίβηρας

407 1720 648 1765 συσταθείς·
683 1718 935 1772 θαυμαστὴν
964 1717 1046 1773 «γὰρ
1078 1718 1182 1772 ἔσχε
1213 1717 1288 1769 τὴν
1319 1716 1511 1768 ἰδιότητα
1542 1717 1617 1770 τήν
1648 1736 1692 1759 τε
1722 1736 1820 1759 συν-

406 1800 549 1855 έχειαν
579 1802 662 1840 τῶν
692 1797 877 1851 (ὐγώνων.
939 1796 1034 1840 τοὺς
1054 1796 1136 1850 ’γὰρ
1159 1795 1269 1836 κατὰ
1291 1796 1366 1848 τὴν
1386 1795 1580 1836 εΕλλάδα
1608 1795 1822 1848 πολέμους

406 1879 476 1919 καὶ
517 1877 611 1921 τοὺς
652 1875 763 1917 κατὰ
803 1874 878 1927 τὴν
911 1873 1065 1916 Ἀσίαν
1106 1877 1159 1917 ὡς
1199 1873 1358 1915 ἐπίπαν
1396 1873 1473 1926 μία
1512 1875 1633 1928 μάχη
1674 1873 1817 1928 κρίνει,

404 1955 594 2000 σπανίως
617 1954 659 1996 δὲ
680 1952 864 2008 δευτέρα,
898 1953 967 1994 καὶ
990 1951 1064 1996 τὰς
1094 1951 1240 2007 μάχας
1271 1951 1400 1995 αὐτὰς
1422 1952 1478 1995 εἶς
1499 1950 1643 2006 καιρὸς
1665 1949 1684 1992 ὁ
1707 1951 1819 1993 κατὰ

402 2034 479 2086 τὴν
506 2033 678 2088 πρώτην
709 2031 858 2086 ἔφοδον
889 2031 958 2072 καὶ
989 2030 1244 2083 σύμπτωσιν
1265 2034 1337 2081 τῆς
1359 2029 1581 2082 δυνάμεως.
1642 2029 1753 2070 κατὰ
1776 2029 1820 2070 δὲ

402 2115 550 2153 τοῦτον
572 2110 643 2152 τὸν
664 2109 853 2161 πόλεμον
878 2107 1083 2150 τάναντία
1114 2107 1340 2158 συνέβαινε
1373 2111 1458 2151 τοῖς
1488 2106 1814 2161 προειρημένοις.

401 2190 496 2234 τοὺς
515 2189 590 2242 μὲν
616 2188 698 2242 ’γὰρ
725 2186 936 2230 κινδύνους
968 2188 1020 2230 ὡς
1051 2184 1211 2227 ἐπίπαν
1233 2186 1256 2236 ἡ
1279 2185 1355 2237 νὺξ
1375 2184 1524 2230 διέλυε,
1549 2187 1631 2226 τῶν
1652 2184 1815 2239 ἀνδρῶν

400 2268 487 2309 οὔτ’
527 2268 652 2308 εἴκειν
691 2270 781 2309 ταῖς
820 2268 988 2319 ψυχαῖς
1028 2264 1123 2305 οὔτε
1162 2262 1473 2318 παρακαθιέναι
1517 2267 1601 2307 τοῖς
1642 2262 1814 2316 σώμασι

398 2344 671 2398 βουλομένων
702 2343 770 2384 διὰ
801 2342 873 2384 τὸν
904 2341 1048 2389 κόπον,
1082 2342 1181 2382 ἀλλ’
1213 2342 1258 2393 ἐξ
1288 2342 1561 2395 ὑποστροφῆς
1592 2341 1663 2381 καὶ
1684 2358 1809 2393 μετα-

395 2422 565 2477 μελείας
600 2423 719 2466 αὖθις
750 2420 888 2464 ἄλλας
919 2419 1056 2476 ἀρχὰς
1086 2418 1359 2472 ποιουμένων·
1420 2417 1493 2460 τόν
1522 2436 1569 2471 Γγε
1598 2417 1681 2471 μὴν
1710 2418 1811 2459 ὅλον

759 2751 767 2770 ¹
793 2750 934 2791 To-day,
951 2749 1035 2781 Elne
1051 2749 1119 2780 and
1135 2748 1461 2781 Castel-Roussillon.
