1980 3290
402 282 489 329 186
559 283 971 330 MONUMENTA
1005 283 1352 330 HISTORICA
1388 284 1653 332 CELTICA

399 410 442 451 δὲ
476 411 610 452 πάλιν
650 411 752 452 ἐτῶν
792 411 892 452 δέκα
930 411 1209 466 παρεγένοντο
1250 413 1442 453 Γαλάται
1480 412 1586 465 μετὰ
1624 415 1811 466 μεγάλης

399 492 602 542 στρατιᾶς
624 489 982 543 πολιορκήσοντες
1003 488 1079 541 τὴν
1109 488 1366 543 Ἀρρητίνων
1387 489 1528 536 πόλιν,
1552 490 1747 543 Ῥωμαῖοι
1768 491 1811 532 δὲ

397 566 813 620 παραβοηθήσαντες
843 567 914 607 καὶ
946 566 1245 618 συμβαλόντες
1275 566 1357 621 πρὸ
1388 571 1461 619 τῆς
1491 567 1656 612 πόλεως
1686 568 1808 620 ἡττή-

400 644 550 694 θησαν.
630 644 672 685 ἐν
712 644 754 685 δὲ
794 647 844 698 τῇ
883 643 1004 698 μάχῃ
1045 644 1177 698 ταύτῃ
1217 644 1396 685 Λευκίου
1445 649 1518 686 τοῦ
1568 649 1811 700 στρατηγοῦ

399 721 733 773 τελευτήσαντος
755 722 922 763 Μάνιον
952 721 1297 772 ἐπικατέστησαν
1319 722 1390 763 τὸν
1413 721 1580 777 Κόριον,
1603 723 1651 764 οὗ
1680 740 1809 777 πρεσ-

397 799 556 848 βευτὰς
592 799 892 854 ἐκπέμψαντος
924 799 980 843 εἰς
1013 799 1231 841 Γαλατίαν
1266 800 1370 854 ὑπὲρ
1407 804 1490 842 τῶν
1525 800 1811 855 αἰχμαλώτων

398 876 838 932 παρασπονδήσαντες
883 876 1156 918 ἐπανείλοντο
1210 877 1305 921 τοὺς
1357 878 1573 932 πρέσβεις.
1634 881 1716 919 τῶν
1770 878 1812 919 δὲ

398 953 614 1007 Ῥωμαίων
661 954 742 996 ὑπὸ
789 954 860 996 τὸν
907 954 1037 1007 θυμὸν
1076 955 1121 996 ἐκ
1169 954 1309 1010 χειρὸς
1348 955 1814 1010 ἐπιστρατευσαμένων,

397 1032 721 1085 ἀπαντήσαντες
742 1032 1017 1082 συνέβαλλον
1047 1033 1086 1074 οἱ
1116 1032 1301 1085 Σήνωνες
1330 1033 1582 1085 καλούμενοι
1603 1034 1811 1074 Γαλάται.

398 1110 594 1162 Ῥωμαῖοι
629 1110 664 1151 δ’
705 1111 750 1151 ἐκ
788 1111 1066 1165 παρατάξεως
1101 1110 1387 1164 κρατήσαντες
1427 1112 1565 1152 αὐτῶν
1604 1110 1700 1154 τοὺς
1737 1110 1811 1162 μὲν

399 1187 630 1232 πλείστους
664 1187 915 1229 ἀπέκτειναν
955 1187 1051 1232 τοὺς
1091 1188 1134 1229 δὲ
1172 1187 1349 1231 λοιποὺς
1388 1187 1610 1239 ἐξέβαλον,
1651 1191 1724 1239 τῆς
1769 1187 1812 1228 δὲ

398 1265 542 1320 χώρας
581 1265 770 1319 ἐγένοντο
810 1265 953 1316 πάσης
993 1266 1219 1320 ἐγκρατεῖς,
1254 1265 1310 1309 εἰς
1342 1266 1392 1317 ἣν
1425 1265 1495 1306 καὶ
1528 1265 1700 1319 πρώτην
1739 1269 1811 1316 τῆς

401 1342 615 1387 Γαλατίας
646 1341 847 1384 ἀποικίαν
879 1343 1076 1385 ἔστειλαν
1108 1343 1185 1395 τὴν
1220 1342 1357 1395 Σήνην
1391 1341 1812 1397 προσαγορευομένην

400 1420 541 1467 πόλιν,
585 1420 803 1474 ὁμώνυμον
849 1421 981 1462 οὖσαν
1026 1425 1112 1465 τοῖς
1151 1420 1356 1475 πρότερον
1396 1419 1528 1472 αὐτὴν
1567 1423 1812 1461 κατοικοῦσι

399 1499 626 1542 Γαλάταις*
669 1498 773 1554 ὑπὲρ
803 1500 850 1551 ἧς
881 1497 1032 1553 ἀρτίως
1063 1498 1391 1553 διεσαφήσαμεν,
1425 1498 1661 1552 φάσκοντες
1681 1497 1812 1548 αὐτὴν

399 1576 517 1630 παρὰ
538 1576 610 1618 τὸν
630 1574 803 1631 Ἀδρίαν
823 1577 892 1618 ἐπὶ
915 1578 973 1632 τῷ
988 1575 1138 1631 πέρατι
1160 1577 1328 1618 κεῖσθαι
1350 1578 1433 1617 τῶν
1454 1575 1550 1630 περὶ
1572 1575 1644 1617 τὸν
1665 1574 1812 1616 Πάδον

399 1653 567 1696 πεδίων.
1537 1693 1556 1699 ..

1520 1691 1571 1732 (11.
1593 1690 1663 1731 19.)

487 1811 605 1850 XIV.
640 1807 696 1849 Οἱ
710 1807 752 1849 δὲ
766 1809 881 1848 Βοῖοι
896 1808 1142 1862 θεωροῦντες
1156 1806 1481 1851 ἐκπεπτωκότας
1494 1806 1590 1852 τοὺς
1603 1806 1810 1859 Σήνωνας,

401 1888 472 1929 καὶ
514 1886 726 1930 δείσαντες
764 1886 860 1940 περὶ
902 1888 1023 1940 σφῶν
1063 1885 1132 1927 καὶ
1173 1889 1246 1937 τῆς
1277 1885 1420 1940 χώρας
1459 1884 1516 1937 μὴ
1551 1885 1723 1926 πάθωσι
1763 1884 1811 1926 τὸ

400 1964 718 2019 παραπλήσιον,
774 1963 1110 2017 ἐξεστράτευσαν
1167 1963 1375 2015 πανδημεὶ
1434 1962 1812 2016 παρακαλέσαντες

400 2041 648 2098 Τυρρηνούς,
689 2041 984 2096 ἀθροισθέντες
1021 2040 1062 2081 δὲ
1102 2041 1197 2094 περὶ
1238 2040 1315 2092 τὴν
1346 2040 1563 2092 Ὀάδμονα
1595 2056 1810 2094 προσαγο-

400 2119 625 2175 ρευομένην
656 2117 810 2171 λίμνην
841 2118 1136 2173 παρετάξαντο
1167 2116 1398 2170 Ῥωμαίοις.
1458 2118 1501 2158 ἐν
1534 2117 1576 2158 δὲ
1609 2120 1660 2171 τῇ
1690 2117 1811 2172 μάχῃ

400 2197 533 2251 ταύτῃ
580 2199 804 2252 Τυρρηνῶν
850 2196 924 2248 μὲν
964 2196 1004 2237 οἱ
1041 2199 1238 2237 πλεῖστοι
1283 2194 1595 2245 κατεκόπησαν,
1646 2196 1729 2236 τῶν
1769 2193 1811 2235 δὲ

402 2274 537 2316 Βοίων
576 2274 727 2318 τελέως
767 2272 903 2326 ὀλίγοι
944 2273 1151 2327 διέφυγον.
1217 2273 1264 2313 οὐ
1306 2272 1389 2325 μὴν
1433 2272 1551 2313 ἀλλὰ
1596 2274 1655 2326 τῷ
1702 2270 1811 2312 κατὰ

401 2352 535 2397 πόδας
560 2353 735 2406 ἐνιαυτῷ
771 2350 1147 2406 συμφρονήσαντες
1179 2350 1298 2394 αὖθις
1331 2350 1370 2391 οἱ
1402 2348 1705 2404 προειρημένοι,
1742 2348 1812 2389 καὶ

404 2430 500 2474 τοὺς
532 2430 626 2485 ἄρτι
657 2432 740 2470 τῶν
771 2428 871 2470 νέων
903 2430 1100 2480 ἡβῶντας
1130 2426 1483 2473 καθοπλίσαντες,
1517 2426 1812 2481 παρετάξαντο

405 2508 509 2562 πρὸς
540 2506 779 2555 Ῥωμαίους,
815 2506 1061 2559 ἡττηθέντες
1097 2505 1129 2546 δ’
1166 2504 1409 2560 ὁλοσχερῶς
1449 2507 1499 2558 τῇ
1531 2505 1652 2558 μάχῃ
1689 2502 1813 2556 μόλις
