1980 3290
400 270 486 316 168
548 269 958 316 MONUMENTA
1000 268 1346 315 HISTORICA
1390 267 1654 314 CELTICA

397 398 685 449 ποιησάμενοι,
719 398 788 438 καὶ
819 396 895 448 τὴν
925 396 1304 448 εὐδαιμονεστάτην
1333 395 1461 437 πόλιν
1482 394 1803 449 ἐγχειρίσαντες,

398 477 487 518 πῶς
526 477 600 516 οὐκ
640 475 691 516 ἂν
731 474 898 518 εἰκότως
933 473 1166 529 φανείησαν
1207 474 1325 515 αὐτοὶ
1360 475 1443 514 τῶν
1477 473 1806 524 συμπτωμάτων

402 554 542 596 αὑτοῖς
563 554 689 593 αἴτιοι
710 552 950 606 γεγονότες,·

1542 607 1593 649 (ii.
1616 608 1661 649 7.)

488 699 589 739 VH.
622 695 891 751 Ἀσδρούβας
922 695 964 736 δὲ
995 693 1104 736 κατὰ
1134 693 1228 738 τοὺς
1259 692 1407 737 αὐτοὺς
1437 692 1614 747 χρόνους
1648 693 1705 743 (ἐν
1729 692 1810 747 γὰρ

401 775 561 819 τούτοις
601 774 864 826 ἀπελίπομεν
904 773 956 814 τὰ
995 772 1114 814 κατὰψ
1145 771 1220 824 τὴν
1254 771 1461 826 Ἰβηρίαν)
1504 773 1708 826 νουνεχῶς
1743 770 1812 811 καὶ

400 856 704 909 πραγματικῶς
731 852 924 907 χειρίζων
952 851 1004 893 τὰ
1032 851 1142 893 κατὰ
1172 850 1247 903 τὴν
1278 849 1415 905 ἀρχὴν
1446 850 1488 891 ἕν
1519 868 1563 891 τε
1593 853 1677 893 τοῖς
1698 850 1812 893 ὅλοις

399 934 589 985 μεγάλην
610 932 789 972 ἐποιεῖτο
810 930 1042 985 προκοπήν,
1062 929 1137 981 τήν
1153 947 1197 970 τε
1217 927 1334 983 παρὰ
1353 926 1428 980 μέν
1449 945 1537 968 τισι
1554 925 1812 982 Καρχηδόνα

400 1007 517 1061 παρὰ
539 1006 581 1047 δέ
602 1024 690 1047 τισι
712 1004 874 1056 Καινὴν
894 1004 1023 1046 πόλιν
1045 1002 1462 1059 προσαγορευομένην
1487 1003 1811 1045 κατασκευάσας

401 1087 446 1126 οὐ
467 1084 596 1138 μικρὰ
611 1085 779 1136 μεγάλα
793 1083 835 1124 δὲ
849 1084 1144 1132 συνεβάλλετο
1160 1080 1465 1136 Καρχηδονίοις
1479 1080 1533 1125 εἷς
1549 1081 1812 1135 πραγμάτων

400 1162 543 1215 λόγον,
568 1162 636 1203 καὶ
657 1163 851 1214 μάλιστα
873 1160 940 1201 διὰ
971 1159 1046 1211 τὴν
1077 1158 1289 1214 εὐκαιρίαν
1320 1162 1392 1199 τοῦ
1413 1157 1546 1199 τόπου
1570 1156 1674 1212 πρός
1696 1175 1740 1198 τε
1761 1156 1813 1197 τὰ,

403 1240 512 1281 κατὰ
534 1239 609 1290 τὴν
629 1238 820 1293 Ἰβηρίαν
841 1239 1074 1292 πράγματα
1104 1237 1172 1278 καὶ
1202 1236 1305 1291 πρὸς
1326 1235 1378 1277 τὰ
1402 1235 1511 1276 κατὰ
1536 1234 1611 1286 τὴν
1632 1234 1811 1286 Αιβύην·
1863 1263 1866 1265 -

403 1318 497 1372 περὶ
519 1319 565 1369 ἧς
587 1318 700 1369 ἡμεῖς
728 1315 1004 1370 εὐφυέστερον
1034 1314 1179 1370 καιρὸν
1208 1312 1418 1364 λαβόντες
1447 1312 1716 1365 ὑποδείξομεν
1738 1311 1814 1363 τὴν

405 1395 522 1437 θέσιν
543 1395 671 1445 αὐτῆς
693 1394 761 1435 καὶ
792 1393 868 1444 τὴν
897 1392 1056 1448 χρείαν,
1080 1393 1130 1444 ἣν
1160 1390 1414 1447 ἀμφοτέραις
1436 1390 1610 1432 δύναται
1632 1389 1812 1444 παρέχε-

405 1474 507 1515 σθαι
540 1476 630 1516 ταῖς
662 1470 891 1526 εἰρημέναις
922 1470 1093 1525 χώραις.
1155 1469 1199 1511 ὃν
1232 1469 1301 1510 καὶ
1336 1470 1583 1523 θεωροῦντες
1618 1468 1815 1520 Ῥωμαῖοι

404 1550 530 1603 μείζω
544 1550 614 1591 καὶ
637 1548 934 1605 φοβερωτέραν
955 1548 1033 1600 ἤδη
1055 1548 1362 1599 συνιστάμενον
1391 1545 1655 1592 δυναστείαν,
1678 1544 1813 1600 ὥρμη-

406 1647 488 1671 σαν
509 1628 577 1669 ἐπὶ
600 1627 646 1669 τὸ
667 1629 1041 1681 πολυπραγμονεῖν
1062 1625 1115 1666 τὰ
1136 1624 1246 1666 κατὰ
1267 1623 1342 1676 τὴν
1366 1623 1571 1679 Ἰβηρίαν.
1631 1622 1816 1678 εὑρόντες

408 1706 449 1747 δὲ
486 1709 599 1759 σφᾶς
634 1703 1023 1757 ἐπικεκοιμημένους
1058 1704 1100 1746 ἐν
1139 1706 1224 1746 τοῖς
1265 1702 1503 1757 ἔμπροσθεν
1541 1700 1708 1756 χρόνοις
1747 1701 1817 1741 καὶ

408 1782 672 1838 προειμένους
695 1783 750 1828 εἰς
771 1782 818 1823 τὸ
839 1783 1029 1835 μεγάλην
1058 1785 1182 1836 χεῖρα
1212 1780 1621 1821 κατασκευάσασθαι
1643 1781 1815 1833 Καρχη-

409 1861 580 1908 δονίους,
618 1859 864 1914 ἀνατρέχειν
900 1860 1122 1914 ἐπειρῶντο
1153 1857 1262 1899 κατὰ
1294 1857 1479 1909 δύναμιν.
1539 1855 1715 1898 αὐτόθεν
1744 1855 1819 1908 μὲν

408 1940 480 1980 οὖν
501 1939 739 1980 ἐπιτάττειν
760 1938 786 1990 ἢ
816 1940 1016 1989 πολεμεῖν
1037 1936 1083 1977 οὐ
1105 1935 1378 1988 κατετόλμων
1406 1938 1490 1978 τοῖς
1514 1933 1820 1989 Καρχηδονίοις

410 2016 477 2057 διὰ
499 2015 545 2057 τὸ
568 2015 638 2057 τὸν
669 2015 752 2056 ἀπὸ
784 2018 866 2056 τῶν
897 2017 1073 2056 Κελτῶν
1103 2013 1242 2068 φόβον
1272 2011 1581 2068 ἐπικρέμασθαι
1611 2015 1696 2056 τοῖς
1717 2013 1817 2064 σφε-

410 2093 541 2148 τέροις
562 2095 810 2148 πράγμασιν
832 2093 901 2134 καὶ
930 2091 1058 2145 μόνον
1088 2093 1134 2134 οὐ
1166 2091 1260 2132 καθ’
1292 2091 1476 2141 ἑκάστην
1507 2088 1662 2145 ἡμέραν
1686 2106 1818 2144 προσ-

411 2171 538 2212 δοκᾶν
560 2169 634 2221 τὴν
656 2170 804 2224 ἔφοδον
831 2169 980 2212 αὐτῶν·
1041 2168 1372 2223 καταψήσαντες
1402 2167 1444 2208 δὲ
1467 2167 1537 2208 καὶ
1564 2166 1823 2221 πραΰναντες

413 2248 484 2289 τὸν
514 2248 796 2302 Ἀσδρούβαν,
830 2248 959 2291 οὕτως
994 2247 1160 2301 ἔκριναν
1192 2247 1395 2301 ἐγχειρεῖν
1426 2248 1511 2288 τοῖς
1542 2247 1720 2287 Κελτοῖς
1753 2243 1822 2284 καὶ

414 2325 732 2369 διακινδυνεύειν
753 2324 856 2381 πρὸς
877 2323 1037 2372 αὐτούς,
1061 2323 1251 2367 οὐδέποτ’
1273 2323 1323 2365 ἂν
1347 2322 1721 2376 ὑπολαμβάνοντες
1743 2320 1823 2375 οὐχ
