1980 3290
370 274 457 321 188
527 274 939 320 MONUMENTA
971 274 1319 321 HISTORIOA
1354 274 1618 322 CELTICA

365 402 479 454 εἶξαν
519 406 609 446 ταῖς
647 405 828 457 ψυχαῖς,
865 403 934 444 καὶ
969 402 1410 458 διαπρεσβευσάμενοι
1450 402 1546 455 περὶ
1578 401 1775 442 σπονδῶν

365 481 434 521 καὶ
457 479 693 521 διαλύσεων
723 481 935 532 συνθήκας
965 481 1106 522 ἔθεντο
1137 480 1241 534 πρὸς
1265 479 1506 532 Ῥωμαίους.
1566 483 1701 520 ταῦτα
1733 478 1776 519 δὲ

365 557 615 607 συνέβαινεν
645 557 837 611 γίνεσθαι
877 560 934 612 τῷ
969 557 1095 612 τρίτῳ
1134 558 1340 613 πρότερον
1379 558 1460 598 ἔτει
1495 560 1568 608 τῆς
1603 557 1775 611 Πύρρου

366 636 607 687 διαβάσεως
637 636 693 680 εἰς
724 636 800 689 τὴν
829 636 1032 683 Ἰταλίαν,
1065 636 1244 690 πέμπτῳ
1277 636 1318 677 δὲ
1349 639 1421 687 τῆς
1451 637 1659 675 Γαλατῶν
1680 635 1776 688 περὶ

365 715 557 769 Δελφοὺς
589 714 832 770 διαφθορᾶς·
874 716 916 756 ἐν
950 714 1032 769 γὰρ
1071 713 1235 757 τούτοις
1275 716 1299 766 ἡ
1339 713 1449 768 τύχη
1489 716 1576 756 τοῖς
1616 715 1776 766 καιροῖς

365 793 517 835 ὡσανεὶ
558 793 754 846 λοιμικήν
802 811 898 834 τινα
940 792 1130 845 πολέμου
1177 792 1366 834 διάθεσιν
1409 791 1619 841 ἐπέστησε
1665 793 1774 831 πᾶσι

364 872 591 916 Γαλάταις.
651 872 697 912 ἐκ
715 872 757 912 δὲ
771 874 854 912 τῶν
867 870 1176 926 προειρημένων
1191 870 1365 922 ἀγώνων
1387 868 1459 910 δύο
1481 868 1534 910 τὰ
1555 869 1773 909 κάλλιστα

365 950 623 1004 συνεκύρησε
653 948 883 1002 Ῥωμαίοις·
925 953 999 990 τοῦ
1038 948 1120 1003 γὰρ
1160 947 1510 989 κατακόπτεσθαι
1551 946 1775 998 συνήθειαν

364 1028 593 1084 ἐσχηκότες
616 1027 696 1069 ὑπὸ
719 1030 925 1069 Γαλατῶν
947 1026 1064 1068 οὐδὲν
1085 1026 1290 1078 ἠδύναντο
1312 1025 1540 1081 δεινότερον
1562 1024 1662 1066 ἰδεῖν
1683 1023 1778 1065 οὐδὲ

363 1107 658 1163 προσδοκῆσαι
688 1108 771 1147 τῶν
801 1106 942 1149 αὐτοῖς
975 1105 1053 1157 ἤδη
1083 1104 1403 1159 πεπραγμένων,
1435 1105 1481 1156 ἐξ
1511 1104 1566 1145 ὧν
1600 1101 1704 1157 πρός
1735 1119 1779 1142 τε

365 1186 534 1241 Πύρρον
555 1184 741 1235 ἀθληταὶ
763 1184 916 1225 τέλειοι
943 1200 1159 1236 γεγονοτες
1192 1185 1275 1223 τῶν
1297 1183 1406 1223 κατὰ
1433 1188 1621 1234 πολεμον
1646 1182 1779 1235 ἔργων

365 1263 735 1317 συγκατέστησαν,
770 1262 845 1314 τήν
877 1279 921 1302 τε
957 1263 1163 1302 Γαλατῶν
1196 1260 1360 1312 τόλμαν
1399 1260 1441 1301 ἐν
1476 1261 1608 1314 καιρῷ
1649 1276 1773 1299 κατα-

363 1342 626 1394 πληξάμενοι
664 1340 819 1382 λοιπὸν
859 1339 1192 1394 ἀπερισπάστως
1241 1338 1288 1379 τὸ
1335 1338 1410 1390 μὲν
1458 1340 1626 1392 πρῶτον
1675 1336 1780 1392 πρὸς

366 1421 535 1475 Πύρρον
569 1419 666 1474 περὶ
698 1422 772 1469 τῆς
799 1416 986 1461 Ἰταλίας
1015 1416 1262 1468 ἐπολέμουν,
1295 1415 1401 1468 μετὰ
1433 1415 1475 1456 δὲ
1508 1419 1641 1456 ταῦτα
1675 1414 1780 1469 πρὸς

367 1497 685 1554 Καρχηδονίους
707 1497 811 1552 ὑπὲρ
833 1500 905 1548 τῆς
926 1494 1191 1539 Σικελιωτῶν
1212 1494 1348 1549 ἀρχῆς
1371 1491 1675 1546 διηγωνίζοντο.

1487 1560 1537 1601 (ii.
1559 1562 1630 1601 20.)

452 1659 547 1698 XV.
581 1655 774 1698 Γαλάται
797 1654 830 1695 δ’
852 1655 897 1695 ἐκ
919 1655 1001 1694 τῶν
1031 1650 1341 1707 προειρημένων
1372 1650 1684 1702 ἐλαττωμάτων
1705 1650 1777 1700 ἔτη

364 1737 438 1789 μὲν
477 1736 602 1777 πέντε
637 1734 707 1776 καὶ
742 1732 1056 1786 τετταράκοντα
1087 1730 1163 1782 τὴν
1203 1728 1389 1784 ἡσυχίαν
1429 1729 1573 1783 ἔσχον,
1614 1728 1778 1782 εἰρήνην

364 1815 536 1868 ἄγοντες
556 1812 661 1867 πρὸς
682 1810 921 1864 Ῥωμαίους·
962 1810 1051 1850 ἐπεὶ
1084 1808 1117 1849 δ’
1149 1808 1188 1849 οἱ
1215 1807 1290 1860 μὲν
1320 1806 1531 1848 αὐτόπται
1561 1805 1777 1859 γεγονότες

363 1895 446 1933 τῶν
468 1892 610 1933 δεινῶν
631 1892 676 1931 ἐκ
697 1893 771 1931 τοῦ
793 1891 863 1941 ζῆν
880 1887 1150 1943 ἐξεχώρησαν
1167 1885 1236 1927 διὰ
1257 1884 1329 1926 τὸν
1348 1884 1514 1939 χρόνον,
1530 1883 1775 1936 ἐπεγένοντο

365 1971 406 2012 δὲ
428 1970 510 2012 νέοι
534 1970 664 2021 θυμοῦ
685 1968 759 2020 μὲν
779 1965 1014 2019 ἀλογίστου
1034 1964 1220 2018 πλήρεις,
1253 1963 1418 2017 ἄπειροι
1446 1962 1488 2003 δὲ
1510 1962 1579 2003 καὶ
1603 1961 1775 2016 ἀόρατοι

364 2047 523 2091 παντὸς
558 2050 688 2088 κακοῦ
721 2046 792 2087 καὶ
827 2045 968 2094 πάσης
1003 2043 1305 2097 περιστάσεως,
1340 2041 1459 2084 αὖθις
1498 2041 1680 2094 ἤρξαντο
1721 2039 1774 2080 τὰ

366 2127 617 2168 καθεστῶτα
649 2127 788 2169 κινεῖν,
823 2123 843 2163 ὃ
879 2121 1008 2176 φύσιν
1041 2121 1128 2175 ἔχει
1155 2118 1361 2172 γίνεσθαι,
1389 2119 1458 2159 καὶ
1486 2117 1774 2173 τραχύνεσθαι

363 2204 437 2256 μὲν
468 2204 513 2243 ἐκ
544 2206 627 2244 τῶν
657 2201 873 2256 τυχόντων
902 2198 1008 2254 πρὸς
1038 2196 1278 2250 Ῥωμαίους,
1310 2197 1580 2238 ἐπισπᾶσθαι
1612 2195 1654 2236 δὲ
1679 2195 1774 2239 τοὺς

365 2284 410 2323 ἐκ
441 2284 523 2322 τῶν
547 2282 748 2321 ’Άλπεων
779 2277 989 2321 Γαλάτας.
1050 2275 1096 2316 τὸ
1126 2275 1200 2328 μὲν
1235 2275 1307 2316 οὖν
1340 2277 1508 2328 πρῶτον
1539 2273 1669 2328 χωρὶς
1699 2276 1773 2314 τοῦ

365 2359 555 2411 πλήθους
577 2358 626 2399 δι’
649 2359 786 2399 αὐτῶν
816 2359 898 2397 τῶν
929 2353 1166 2408 ἡγουμένων
1196 2355 1238 2395 ἐν
1268 2353 1521 2408 ἀπορρήτοις
1543 2351 1775 2407 ἐπράττετο
