1980 3290
361 265 449 313 236
510 268 921 317 MONUMENTA
962 271 1309 320 HISTORICA
1352 272 1617 321 GELTIOA

362 394 615 439 ἀπέκτειναν
647 399 730 440 τῶν
769 397 998 451 Ῥωμαίων.
1058 400 1098 442 οἱ
1136 401 1179 443 δὲ
1217 401 1363 443 λοιποὶ
1404 401 1479 446 τὰς
1517 401 1593 454 μὲν
1631 403 1769 459 ἀρχὰς

361 474 563 528 ὥρμησαν
596 474 703 531 πρὸς
733 477 882 531 φυγήν,
915 478 1004 520 ἐπεὶ
1035 477 1078 520 δὲ
1099 481 1182 522 τῶν
1211 482 1358 535 ψιλῶν
1389 480 1560 535 ἥψαντο
1590 480 1769 537 χωρίων,

361 551 431 592 ἐπὶ
458 552 596 595 ποσὸν
623 554 894 606 συνέστησαν
926 556 1057 601 οὕτως
1084 556 1195 599 ὥστε
1221 556 1344 610 μόλις
1376 558 1619 613 εὐσχήμονα
1651 560 1769 612 ποιή-

363 631 526 672 σασθαι
547 630 636 686 ζτὴν
666 633 958 689 ἀποχώρησιν.
1019 634 1058 676 οἱ
1090 634 1133 676 δὲ
1168 636 1284 677 Βοῖοι
1323 637 1773 689 κατακολουθήσαντες

365 707 645 751 συνέκλεισαν
698 711 768 752 καὶ
808 710 981 756 τούτους
1029 712 1084 757 εἰς
1130 712 1206 765 τὴν
1239 713 1478 765 Τάννητος1
1511 713 1775 768 καλουμένην

365 785 521 839 κώμην.
581 791 669 833 τοῖς
699 788 733 829 δ’
755 790 797 831 ἐν
818 793 869 844 τῇ
891 789 1028 845 Ῥώμῃ
1058 790 1382 846 προσπεσόντος
1410 791 1474 833 ὅτι
1495 791 1542 833 τὸ
1573 791 1775 847 τέταρτον

365 864 656 919 στρατόπεδον
694 867 1042 922 περιειλημμένον
1076 868 1157 910 ὑπὸ
1192 871 1276 911 τῶν
1309 869 1445 911 Βοίων
1484 874 1773 925 πολιορκεῖται

365 942 474 983 κατὰ
502 943 667 998 κράτος,
702 944 755 986 τὰ
781 945 856 998 μὲν
882 948 940 1001 τῷ
971 945 1154 1001 Ποπλίῳ
1181 947 1563 1002 προκεχειρισμένα
1597 947 1775 1003 στρατό-

364 1020 473 1062 πεδα
493 1021 602 1062 κατὰ
625 1022 816 1075 σπουδὴν
844 1023 1161 1076 ἐξαπέστελλον
1189 1025 1257 1066 ε’πὶ
1286 1025 1361 1078 τὴν
1382 1025 1542 1067 τούτων
1561 1026 1776 1078 βοήθειαν,

366 1098 550 1152 ἡγεμόνα
584 1101 877 1153 συστήσαντες
918 1102 1188 1154 ἑξαπέλεκυν,
1231 1103 1349 1144 ἄλλα
1389 1103 1431 1145 δὲ
1471 1104 1672 1157 συνάγειν
1708 1104 1779 1145 καὶ

367 1177 657 1232 καταγράφειν
678 1179 723 1220 ἐκ
744 1182 828 1221 τῶν
849 1180 1091 1235 συμμάχων
1113 1183 1225 1235 αὐτῷ
1247 1181 1553 1235 παρήγγειλαν.

449 1255 511 1295 Τὰ
547 1255 621 1309 μὲν
655 1257 727 1298 οὖν
755 1258 864 1299 κατὰ
901 1258 1091 1303 Κελτοὺς
1120 1259 1204 1301 ἀπὸ
1236 1263 1310 1311 τῆς
1338 1260 1474 1314 ἀρχῆς
1510 1260 1584 1304 ἕως
1619 1259 1674 1304 εἷς
1704 1259 1780 1312 τὴν

365 1333 569 1384 Ἀννίβου
609 1335 850 1390 παρουσίαν
890 1337 932 1378 ἐν
968 1336 1130 1381 τούτοις
1170 1338 1231 1390 ἦν,
1276 1337 1345 1379 καὶ
1387 1337 1584 1389 τοιαύτην
1619 1337 1781 1393 εἰλήφει

367 1411 551 1464 διέξοδον
572 1413 665 1455 οἵαν
686 1414 729 1455 ἕν
750 1432 795 1456 τε
816 1417 902 1459 τοῖς
923 1414 1005 1469 πρὸ
1027 1419 1101 1457 τοῦ
1126 1415 1195 1456 καὶ
1218 1419 1290 1458 νῦν
1313 1415 1631 1469 διεληλύθαμεν.

1401 1486 1466 1527 (iii.
1487 1489 1544 1529 40,
1563 1486 1634 1526 41.)

454 1577 682 1618 XXXVII.
717 1578 854 1623 Αὐτὸς
890 1578 932 1620 δὲ
965 1579 1220 1633 συναγαγὼν
1250 1579 1325 1624 τὰς
1358 1579 1550 1633 δυνάμεις
1582 1579 1782 1633 εἰσήγαγε

366 1652 462 1698 τοὺς
488 1654 779 1704 βασιλίσκους
807 1657 902 1701 τοὺς
930 1658 1025 1712 περὶ
1054 1658 1257 1711 Μάγιλον
1305 1658 1420 1700 οὗτοι
1443 1657 1524 1712 γὰρ
1546 1659 1648 1710 ἧκον
1676 1657 1780 1713 πρὸς

366 1732 494 1774 αὑτὸν
521 1733 566 1774 ἐκ
594 1736 678 1776 τῶν
705 1736 800 1790 περὶ
829 1735 902 1777 τὸν
930 1736 1077 1778 Πάδον
1104 1735 1289 1786 πεδίων),
1319 1737 1388 1778 καὶ
1417 1736 1465 1778 δι’
1495 1735 1697 1792 ἑρμηνέως
1728 1735 1781 1777 τὰ

367 1809 591 1864 δεδογμένα
631 1814 731 1868 παρ’
767 1815 906 1856 αὐτῶν
939 1814 1130 1869 διεσάφει
1171 1818 1258 1858 τοῖς
1299 1815 1460 1870 ὄχλοις·
1523 1815 1573 1867 ἣν
1614 1813 1657 1855 δὲ
1697 1816 1780 1855 τῶν

364 1889 603 1943 λεγομένων
643 1892 910 1948 ἰσχυρότατα
950 1892 1055 1948 πρὸς
1097 1893 1253 1948 θάρσος
1285 1895 1368 1935 τῶν
1400 1895 1580 1934 πολλῶν
1611 1894 1780 1946 πρῶτον

365 1967 441 2020 μὲν
490 1970 515 2020 ἡ
560 1973 634 2021 τῆς
688 1970 928 2026 παρουσίας
977 1972 1170 2027 ἐνάργεια
1219 1974 1303 2013 τῶν
1352 1970 1659 2024 ἐπισπωμένων
1708 1969 1778 2011 καὶ

365 2047 634 2099 κοινωνήσειν
666 2049 1048 2104 ἐπαγγελλομένων
1079 2053 1152 2091 τοῦ
1183 2049 1287 2104 πρὸς
1315 2048 1544 2103 Ῥωμαίους
1574 2047 1776 2102 πολέμου,

367 2122 557 2179 δεύτερον
586 2124 628 2167 δὲ
660 2126 708 2167 τὸ
737 2130 810 2178 τῆς
837 2126 1096 2180 ἐπαγγελίας
1124 2127 1264 2168 αὐτῶν
1292 2126 1555 2180 ἀξιόπιστον,
1589 2126 1652 2167 ὅτι
1674 2125 1776 2167 καθ-

364 2202 598 2255 ηγήσονται
620 2203 688 2246 διὰ
709 2204 851 2247 τόπων
872 2205 1071 2248 τοιούτων
1093 2205 1142 2247 δι’
1165 2205 1222 2247 ὧν
1238 2205 1401 2250 οὐδενὸς
1422 2203 1676 2257 ἐπιδεόμενοι
1693 2206 1777 2245 τῶν

366 2281 608 2335 ἀναγκαίων
641 2283 858 2337 συντόμως
898 2283 985 2336 ἅμα
1017 2284 1088 2325 καὶ
1123 2285 1211 2337 μετ’
1244 2282 1484 2339 ἀσφαλείας
1523 2281 1776 2334 ποιήσονται

868 2757 875 2776 ¹
901 2758 929 2788 A
946 2757 1066 2798 village
1081 2768 1162 2789 near
1178 2757 1309 2788 Parma.

1856 3271 1980 3285 ss
