1980 3290
397 264 456 312 74
562 267 972 316 MONUMENTA
1006 270 1352 317 HISTORICA
1387 269 1651 319 CELTICA

401 395 575 443 Oceani
607 403 753 462 atque
775 405 933 446 aestus
963 417 1115 463 neque
1142 417 1363 463 quaerere
1378 401 1519 464 hujus
1545 402 1695 465 operis
1722 409 1807 460 est,

401 493 457 523 ac
471 477 610 524 multi
631 479 866 527 rettulere.
931 481 1095 528 Unum
1113 481 1388 539 addiderim,
1412 498 1648 545 nusquam
1668 482 1809 529 latius

401 557 634 606 dominari
673 577 815 618 mare,
858 561 1064 609 multum
1113 561 1363 610 fluminum
1401 562 1492 609 huc
1527 568 1672 626 atque
1699 563 1806 610 illuc

401 638 532 696 ferre,
563 657 649 687 nec
685 640 821 689 litore
860 647 999 690 tenus
1038 660 1296 690 accrescere
1335 650 1420 691 aut
1458 643 1697 701 resorberi,
1728 644 1809 691 sed

400 718 593 768 influere
630 722 820 784 penitus
870 729 1015 787 atque
1066 723 1258 781 ambire,
1311 730 1360 772 et
1409 724 1530 787 jugis
1569 725 1715 772 etiam
1753 741 1808 772 ac

399 801 642 849 montibus
680 802 819 851 inseri
858 805 990 852 velut
1029 804 1077 851 in
1117 822 1214 852 suo.

1209 888 1380 931 (Tacitus,
1399 887 1571 930 Ayricola,
1589 898 1617 921 c.
1639 888 1709 930 10.)

487 1028 642 1076 XXV.
677 1030 857 1077 Multae
887 1036 936 1077 et
965 1030 1082 1078 aliae
1111 1031 1286 1078 circum
1309 1030 1607 1078 Britanniam
1630 1030 1809 1077 insulae

396 1125 422 1155 e
443 1108 613 1171 quibus
635 1111 782 1173 Thyle
802 1111 984 1169 ultima,
1010 1112 1059 1159 in
1075 1129 1169 1175 qua
1192 1112 1372 1159 aestivo
1394 1111 1607 1169 solstitio,
1632 1111 1726 1158 sole
1748 1111 1806 1157 de

399 1189 562 1236 Cancri
599 1190 746 1239 sidere
783 1192 984 1240 faciente
1021 1193 1288 1250 transitum,
1321 1210 1418 1240 nox
1452 1210 1602 1255 paene
1645 1192 1804 1239 nulla:

398 1270 599 1318 brumali
651 1273 852 1321 solstitio
916 1273 1014 1321 dies
1066 1275 1184 1321 adeo
1238 1274 1512 1331 conductus,
1568 1280 1623 1321 ut
1676 1278 1807 1320 ortus

395 1351 586 1413 junctus
601 1352 662 1400 sit
677 1354 873 1401 occasui.
949 1355 991 1402 A
1003 1354 1279 1403 Caledoniae
1291 1354 1611 1418 promontorio
1627 1354 1807 1416 Thylen

395 1434 666 1495 petentibus
724 1436 854 1484 bidui
911 1436 1213 1500 navigatione
1287 1437 1495 1499 perfecta
1566 1435 1807 1498 excipiunt

395 1515 620 1563 Hebudes
661 1516 853 1575 insulae,
890 1518 1098 1582 quinque
1139 1535 1348 1575 numero,
1383 1534 1585 1581 quarum
1626 1516 1805 1564 incolae

395 1596 610 1645 nesciunt
647 1599 832 1662 fruges:
889 1599 1094 1662 piscibus
1132 1605 1324 1646 tantum
1368 1605 1417 1646 et
1454 1599 1575 1646 lacte
1613 1597 1798 1645 vivunt.

396 1678 501 1725 Rex
525 1696 647 1726 unus
675 1686 746 1726 est
774 1679 1033 1728 universis:
1075 1697 1200 1736 nam,
1227 1685 1465 1743 quotquot
1495 1684 1619 1735 sunt,
1645 1694 1805 1725 omnes

393 1766 594 1821 angusta
650 1760 898 1808 interluvie
954 1761 1245 1808 dividuntur.
1335 1761 1441 1807 Rex
1494 1759 1611 1807 nihil
1665 1775 1805 1806 suum

392 1840 550 1898 habet,
599 1841 755 1888 omnia
812 1841 1167 1890 universorum:
1224 1842 1286 1888 ad
1332 1841 1623 1905 aequitatem
1667 1839 1804 1887 certis

392 1922 572 1985 legibus
607 1923 883 1987 stringitur:
940 1941 995 1971 ac
1030 1942 1089 1972 ne
1126 1923 1328 1971 avaritia
1365 1923 1575 1971 divertat
1610 1939 1638 1969 a
1675 1938 1801 1978 Vero,

392 2004 531 2052 discit
567 2012 851 2069 paupertate
889 2005 1126 2068 justitiam
1163 2011 1332 2068 utpote
1370 2005 1446 2053 cui
1482 2003 1600 2052 nihil
1637 2003 1700 2051 sit
1736 2000 1803 2049 rei

391 2086 664 2134 familiaris:
699 2104 866 2134 verum
897 2086 1039 2133 alitur
1070 2103 1096 2133 e
1127 2085 1330 2149 publico.
1395 2086 1537 2133 Nulla
1569 2083 1801 2133 illidatur

392 2168 566 2216 femina
586 2168 788 2232 propria,
805 2168 888 2216 sed
906 2184 990 2231 per
1008 2166 1369 2224 vicissitudines,
1387 2166 1435 2214 in
1450 2180 1799 2229 quamcumque

390 2256 655 2299 commotus
677 2250 752 2307 sit,
776 2249 1041 2298 usurariam
1062 2248 1219 2297 sumit.
1286 2249 1423 2296 Unde
1446 2248 1487 2295 ei
1508 2264 1593 2295 nec
1615 2252 1798 2301 votum,
