1980 3290
439 263 528 318 274
597 271 1006 319 MONUMENTA
1041 272 1388 319 HISTORIOA
1423 270 1687 319 CELTICA

439 399 677 454 ἠθροικότες
708 399 809 452 ὁμοῦ
840 399 964 441 τέκνα
999 400 1069 442 καὶ
1101 405 1301 453 γυναῖκας
1326 401 1396 442 καὶ
1422 401 1496 453 τὴν
1527 400 1666 452 ἄλλην
1696 406 1848 455 κτῆσιν

438 476 615 518 ἅπασαν
654 477 710 522 εἰς
759 476 806 518 τὸ
856 476 1114 529 καλούμενον
1153 479 1246 532 ὅρος
1279 478 1509 531 ”Ολυμπον
1548 478 1702 532 ἕτοιμοι
1743 478 1849 534 πρὸς

436 556 581 610 μάχην
602 554 721 597 εἰσίν.

527 670 730 710 LXVIII.
765 668 987 724 Χιομάραν
1018 669 1059 710 δὲ
1081 669 1243 721 συνέβη
1274 670 1349 723 τὴν
1368 670 1668 726 Ὀρτιάγοντος
1689 671 1844 726 αι’χμά-

438 751 576 787 λωτον
596 745 792 799 γενέσθαι
812 746 917 799 μετὰ
940 749 1022 788 τῶν
1053 746 1199 788 ἄλλων
1229 750 1448 800 γυναικῶν,
1472 748 1540 790 ὅτε
1561 748 1756 802 Ῥωμαῖοι
1777 749 1847 790 καὶ

439 825 584 868 Γναῖος
605 822 802 875 ἐνίκησαν
825 824 947 879 μάχῃ
969 823 1064 869 τοὺς
1085 825 1127 866 ἐν
1155 823 1287 882 Ἀσία
1317 825 1527 869 Γαλάτας.
1589 824 1609 866 ὁ
1633 825 1674 866 δὲ
1693 825 1848 875 λαβὼν

439 901 570 954 αὐτὴν
618 900 849 957 ταξίαρχος
899 902 1114 957 ἐχρήσατο
1165 905 1215 956 τῇ
1267 902 1377 957 τύχῃ
1417 905 1733 958 στρατιωτικῶς
1776 903 1848 944 καὶ

436 979 716 1034 κατῄσχυνεν.
778 981 827 1032 ἣν
868 979 909 1021 δὲ
958 979 1040 1035 ἄρα
1079 980 1150 1022 καὶ
1200 979 1305 1035 πρὸς
1344 980 1497 1032 ἡδονὴν
1537 981 1608 1022 καὶ
1649 980 1847 1036 ἀργύριον

435 1056 599 1110 ἀμαθὴς
631 1057 701 1098 καὶ
743 1057 927 1112 ἀκρατὴς
960 1057 1191 1112 ἄνθρωπος,
1226 1058 1386 1111 ἡττήθη
1427 1057 1469 1099 δὲ
1509 1058 1617 1111 ὅμως
1651 1057 1732 1099 ὑπὸ
1773 1062 1846 1110 τῆς

435 1133 728 1189 φιλαργυρίας,
753 1135 824 1176 καὶ
845 1134 1029 1190 χρυσίου
1052 1138 1216 1193 συχνοῦ
1248 1135 1621 1188 διομολογηθέντος
1644 1135 1750 1190 ὑπὲρ
1773 1139 1846 1187 τῆς

432 1211 629 1264 γυναικὸς
658 1213 758 1265 ἦγεν
788 1212 919 1264 αὐτὴν
949 1213 1280 1267 ἀπολυτρώσων,
1314 1217 1507 1266 ποταμοῦ
1538 1230 1646 1257 τινος
1667 1214 1708 1254 ἐν
1726 1212 1842 1266 μέσῳ

434 1289 694 1345 διείργοντος.
756 1292 808 1335 ὡς
830 1290 872 1331 δὲ
894 1290 1118 1341 διαβάντες
1140 1291 1179 1332 οἱ
1199 1290 1393 1332 Γαλάται
1414 1290 1461 1332 τὸ
1482 1290 1662 1346 χρυσίον
1684 1291 1843 1332 ἔδωκαν

433 1369 547 1422 αὐτῷ
578 1368 648 1409 καὶ
680 1368 1015 1422 παρελάμβανον
1035 1367 1111 1420 τὴν
1141 1368 1373 1423 Χιομάραν,
1397 1369 1421 1420 ἡ
1441 1368 1516 1421 μὲν
1537 1367 1621 1409 ἀπὸ
1644 1367 1843 1421 νεύματος

431 1445 693 1500 προσέταξεν
714 1446 770 1487 ἑνὶ
792 1449 948 1487 παῖσαι
969 1445 1041 1487 τὸν
1062 1446 1264 1498 Ῥωμαῖον
1285 1444 1579 1498 ἀσπαζόμενον
1610 1445 1741 1497 αὐτὴν
1771 1445 1842 1486 καὶ

431 1523 824 1579 φιλοφρονούμενον,
867 1522 1023 1565 ἐκείνου
1065 1523 1106 1564 δὲ
1148 1522 1392 1568 πεισθέντος
1432 1523 1502 1564 καὶ
1539 1523 1613 1575 τὴν
1652 1523 1843 1578 κεφαλὴν

430 1601 734 1656 ἀποκόψαντος
765 1601 950 1656 ἀραμένη
981 1601 1051 1642 καὶ
1083 1600 1397 1656 περιστείλασα
1428 1606 1512 1645 τοῖς
1534 1600 1711 1645 κόλποις
1732 1601 1840 1653 ἀπή-

428 1687 591 1722 λαυνεν.
654 1683 706 1725 ὡς
738 1680 779 1721 δὲ
811 1681 915 1733 ἦλθε
945 1679 1049 1735 πρὸς
1081 1679 1152 1721 τὸν
1178 1680 1309 1735 ἄνδρα
1331 1681 1400 1721 καὶ
1422 1680 1496 1732 τὴν
1517 1679 1707 1734 κεφαλὴν
1727 1680 1841 1733 αὐτῷ

1604 1765 1612 1779 ‹

429 1758 689 1813 προύβαλεν,
734 1758 891 1800 ἐκείνου
932 1754 1230 1811 θαυμάσαντος
1270 1759 1339 1800 καὶ
1380 1757 1569 1802 εἰπόντος
1619 1757 1672 1799 ῑῶ
1703 1757 1838 1810 γύναι,

789 1837 808 1851 n
844 1841 866 1860 ,ς
935 1837 981 1852 x„
1024 1837 1040 1851 ς

428 1836 562 1879 καλὸν
584 1838 607 1888 ἡ
630 1836 776 1881 πίστις
882 1855 947 1878 ναι
1005 1855 1129 1883 ειπεν,
1157 1844 1179 1858 “
1195 1836 1309 1877 ἀλλὰ
1329 1836 1509 1877 κάλλιον
1530 1837 1601 1877 ἕνα
1621 1834 1748 1889 μόνον
1770 1838 1841 1887 ζῆν

427 1915 515 1968 ἐμοὶ
557 1914 946 1968 συγγεγενημένον.”
