1980 3290
397 223 456 271 86
557 224 967 274 MONUMENTA
1001 229 1347 278 HISTORICA
1381 231 1646 280 OELTIOA

396 352 592 416 proinde
618 373 714 403 non
741 357 949 419 Pytheas
976 358 1137 417 diario,
1167 361 1249 408 sed
1275 361 1577 425 Hipparchus
1604 346 1751 411 clucta
1778 380 1806 410 a

397 451 445 481 se
487 437 831 495 consecutione,
866 439 1093 502 deceptus
1135 447 1221 498 est,
1260 459 1370 489 cum
1410 443 1623 504 Pytheae
1663 443 1807 490 fidem

398 515 570 564 (licitur
598 524 799 576 secutus,
830 523 1078 569 asserendo
1106 523 1370 571 maximum
1396 525 1522 571 diem
1548 525 1597 571 in
1625 531 1807 573 austra-

400 597 510 645 liore
537 599 784 647 Britannia
806 619 904 650 esse
927 603 1099 650 XVIII
1133 605 1370 662 horarum,
1404 623 1458 653 ac
1493 606 1632 653 simili
1665 607 1807 653 modo

400 678 737 729 Eratosthenes
783 682 832 729 in
886 684 1178 746 assignandis
1233 685 1518 733 Britannicis
1571 686 1803 734 affinibus

399 760 551 807 Vocat
572 768 816 823 praeterea
850 764 924 812 ille
959 765 1198 827 figmenta,
1224 783 1346 829 quae
1378 768 1586 830 Pytheas
1620 766 1808 815 rettulit

398 841 456 887 de
494 841 808 901 Ostidammjis‚
844 845 1013 902 Calbim
1056 846 1292 903 Uxisama,
1327 847 1522 910 aliisque
1561 848 1703 895 locis:
1742 853 1804 904 et,

398 922 532 985 quasi
548 941 795 987 nunquam
810 926 959 988 possit
975 927 1063 989 ipsi
1079 945 1175 975 non
1192 945 1288 975 6666
1307 930 1366 976 ob
1385 929 1565 977 Thulen
1581 929 1804 985 infensus,

398 1003 637 1052 hominem
660 1007 869 1069 appellat
892 1009 1317 1067 mendacissimum,
1345 1011 1473 1074 quod
1497 1010 1578 1073 qui
1602 1009 1808 1056 viderint

398 1085 678 1133 Hiberniam
710 1104 806 1135 non
840 1088 1072 1150 ejusmodi
1107 1089 1286 1137 insulae
1313 1091 1394 1138 secl
1423 1091 1622 1138 aliarum
1657 1090 1809 1138 solum

397 1183 654 1228 parvarum
714 1168 835 1217 circa
897 1170 1196 1217 Britanniam
1255 1171 1566 1219 meminerint.
1604 1208 1613 1218 .
1651 1208 1660 1218 .
1698 1208 1707 1217 .
1743 1171 1808 1217 At

398 1264 608 1310 quonam
644 1250 786 1297 modo
823 1250 871 1297 id
909 1258 1171 1309 excusetur,
1213 1254 1340 1315 quod
1379 1253 1447 1300 ait
1485 1253 1693 1316 Pytheas
1731 1252 1742 1268 ‘
1764 1268 1809 1299 se

398 1345 657 1392 peraqrassc
682 1332 903 1394 quidquid
926 1341 987 1380 est
1014 1335 1227 1395 Europae
1251 1335 1486 1397 reqiommn
1503 1334 1562 1381 ad
1580 1334 1808 1381 Oceanum

397 1427 451 1457 ccc
481 1410 682 1459 Gadibus
712 1414 830 1474 ipsis
862 1414 922 1461 acl
946 1414 1157 1462 Τανιαίη1
1182 1415 1376 1476 usque’?
1415 1416 1548 1471 Sane,
1572 1414 1698 1478 quod
1730 1431 1809 1476 po-

397 1491 542 1540 tuerit
559 1492 818 1556 Hispaniae
832 1494 1009 1542 Galliae
1029 1513 1082 1543 06
1107 1496 1384 1543 Germaniae
1406 1513 1510 1542 oras
1529 1495 1811 1558 perlustrare

396 1593 451 1623 ac
471 1576 682 1624 fortassis
702 1594 890 1640 quoque
910 1579 1064 1625 Dania
1086 1585 1307 1642 superata
1327 1585 1575 1642 penetrare
1595 1578 1729 1639 longe
1750 1576 1811 1623 acl

398 1657 636 1705 Balticum
675 1658 853 1714 Sinum,
896 1659 977 1721 qui
1016 1659 1109 1706 fuit
1146 1660 1257 1706 olim
1294 1659 1585 1707 Sarmaticus
1624 1659 1810 1721 Hyper-

397 1740 658 1801 boreusque
727 1739 932 1787 creditus
1003 1742 1229 1797 Oceanus,
1289 1741 1495 1788 creditus
1564 1738 1812 1803 complecti

399 1820 627 1868 Scandiae
644 1821 841 1877 Insulas,
863 1839 980 1884 quas
995 1839 1118 1869 1111116
1135 1839 1232 1870 6666
1251 1822 1513 1885 Noruegiae
1529 1820 1811 1883 Sueciaeque

397 1902 692 1949 continentes
724 1909 925 1959 constat,
958 1921 1097 1950 nemo
1129 1903 1309 1950 inficias
1339 1903 1458 1950 ierit.
1526 1902 1662 1958 Quod
1693 1901 1811 1948 exis-

396 1983 639 2031 timaverit
676 1990 838 2031 autem
875 2002 922 2032 se
962 1985 972 2001 ‘
994 1985 1054 2032 ad
1093 1986 1279 2033 Tanain
1318 2002 1457 2047 usquc
1477 1984 1487 2001 ³
1526 1982 1806 2046 pervenisse,

397 2065 553 2112 Deum
589 2065 934 2113 immortalem!
994 2083 1140 2128 quam
1176 2065 1225 2112 id
1263 2066 1453 2113 videtur
1488 2082 1575 2128 pro
1614 2063 1810 2126 caligine

396 2163 559 2193 eorum
580 2152 849 2209 temporum
871 2163 969 2194 esse
992 2146 1292 2194 excusatione
1315 2146 1522 2208 dignum.

911 2242 1112 2287 (Gasscndi,
1132 2243 1314 2287 Proportz'o
1332 2243 1519 2277 Gnomoms
1535 2242 1648 2285 Epist.
1669 2241 1714 2285 2.)

458 2355 466 2375 ¹
493 2354 633 2386 Lclewel
644 2355 678 2385 in
689 2355 740 2386 his
752 2354 893 2394 Pytheas
904 2354 972 2385 und
985 2354 1006 2384 d
1010 2354 1036 2385 ic
1050 2354 1243 2394 Geoqraphie
1256 2354 1359 2385 seiner
1370 2353 1439 2384 Zeit
1451 2352 1564 2383 thinks
1577 2351 1652 2382 that
1663 2349 1810 2392 Pytheas

395 2407 542 2440 miqtook
557 2407 613 2438 the
629 2407 712 2438 Elbe
726 2407 777 2438 for
792 2406 848 2437 the
862 2406 983 2437 Tanais
999 2416 1035 2436 or
1049 2406 1134 2436 Dan.
