1980 3290
405 253 493 300 134
557 253 969 301 MONUMENTA
998 252 1347 299 HISTORICA
1387 251 1652 298 CELTICA

407 383 580 428 amicos
615 382 831 445 jactavit,
868 382 1005 428 aliter
1038 398 1087 428 se
1119 398 1287 443 pacem
1321 382 1548 428 daturum
1580 381 1810 443 negando,

407 463 495 510 nisi
523 463 756 525 principes
789 479 897 509 suos
930 462 1115 509 obsides
1147 461 1363 508 dederint
1394 466 1443 507 et
1475 477 1605 506 arma
1636 461 1814 507 tradid-

409 545 531 590 erint
552 561 560 591 :
602 561 698 590 non
729 542 856 589 enim
884 543 1029 589 fidem
1051 559 1100 588 se
1125 541 1214 588 nisi
1238 541 1494 588 inermibus
1524 541 1812 587 habiturum.

409 624 704 673 Renuntiata
716 623 948 686 legatione
961 622 1101 668 risere
1115 622 1249 678 Galli,
1263 622 1472 684 undique
1486 621 1813 676 acclamantes,

410 706 542 752 brevi
598 720 857 759 sensurum,
912 703 1000 749 sibi
1061 720 1122 748 an
1177 702 1244 748 illi
1303 701 1598 748 consulentes
1652 718 1819 763 pacem

412 786 682 833 obtulerint.
749 784 1013 832 Interiectis
1060 784 1224 830 diebus
1268 783 1499 845 proelium
1544 782 1814 838 conseritur,

412 868 620 931 victique
658 867 937 913 Macedones
978 866 1253 912 caeduntur.
1319 864 1617 912 Ptolemaeus
1657 862 1818 909 multis

413 948 686 995 vulneribus
720 947 905 994 saucius
938 946 1152 1008 capitur:
1207 950 1352 1006 caput
1384 944 1482 990 eius
1515 949 1820 1005 amputatum

415 1036 462 1076 et
495 1029 656 1075 lancea
689 1028 839 1074 fixum
871 1032 976 1073 tota
1010 1026 1108 1072 acie
1141 1027 1203 1072 ad
1235 1032 1461 1072 terrorem
1493 1025 1703 1071 hostium
1735 1024 1818 1070 cir-

415 1112 685 1159 cumfertur.
751 1112 933 1158 Paucos
969 1126 1027 1155 ex
1062 1107 1397 1154 Macedonibus
1433 1107 1543 1167 fuga
1579 1105 1816 1151 servavit:

415 1192 557 1239 ceteri
581 1197 666 1238 aut
691 1190 819 1252 capti
844 1195 929 1236 aut
954 1189 1122 1235 occisi.1

1356 1253 1398 1294 (J
1399 1252 1503 1293 nstin,
1522 1253 1619 1286 xxiv.
1638 1253 1732 1292 4-5.)

507 1378 612 1424 XV.
647 1377 779 1423 Haec
796 1392 944 1438 quum
960 1374 1182 1420 nuntiata
1197 1391 1281 1435 per
1297 1389 1485 1420 omnem
1499 1371 1825 1419 Macedoniam

417 1463 586 1513 essent,
620 1462 787 1519 portae
827 1455 1017 1502 urbium
1057 1454 1356 1509 clauduntur,
1389 1453 1521 1500 luctu
1561 1452 1718 1499 omnia
1757 1469 1825 1498 re-

417 1538 618 1601 plentur.
657 1575 665 1583 .
704 1575 712 1583 .
751 1575 759 1583 .
795 1534 1170 1597 Desperantibus
1191 1534 1408 1581 omnibus
1428 1551 1523 1580 non
1543 1533 1667 1579 votis
1688 1549 1825 1594 agen-

418 1620 535 1666 dum
580 1619 846 1672 Sosthenes,
894 1632 1016 1663 unus
1062 1616 1120 1661 de
1165 1615 1479 1661 Macedonum
1522 1614 1824 1676 principibus,

419 1706 551 1747 ratus
566 1704 812 1746 contracta
826 1697 1076 1744 inventute
1091 1701 1139 1742 et
1153 1695 1310 1743 Gallos
1325 1695 1522 1741 victoria
1538 1693 1828 1741 exsultantes

421 1779 711 1842 compescuit
755 1784 803 1825 et
846 1777 1174 1825 Macedoniam
1217 1777 1278 1823 ab
1322 1776 1481 1822 hostili
1523 1774 1828 1837 populatione

421 1861 645 1908 defendit.
713 1860 786 1907 Ob
812 1875 932 1922 quae
950 1857 1142 1904 Virtutis
1167 1857 1391 1904 beneficia
1414 1856 1575 1903 multis
1593 1855 1828 1902 nobilibus

422 1958 618 2003 regnum
638 1938 924 1986 Macedoniae
946 1937 1297 1984 adfectantibus
1326 1936 1540 1998 ignobilis
1569 1936 1668 1998 ipse
1696 1952 1828 1996 prae-

422 2022 644 2084 ponitur:
697 2026 745 2066 et
776 2036 925 2082 quum
955 2036 1037 2065 rex
1068 2019 1127 2064 ab
1159 2018 1367 2064 exercitu
1398 2017 1662 2079 appellatus
1693 2021 1828 2072 esset,

424 2104 523 2164 ipse
561 2119 656 2148 non
694 2101 743 2147 in
780 2099 912 2162 regis,
953 2100 1035 2146 sed
1073 2099 1203 2145 ducis
1248 2115 1420 2144 nomen
1470 2098 1622 2144 iurare
1659 2096 1831 2142 milites

425 2182 666 2244 compulit.

1411 2244 1451 2284 (J
1453 2244 1558 2282 ‘vistim
1577 2245 1674 2276 xxiV.
1694 2244 1741 2283 5.)

515 2361 647 2407 XVI.
683 2360 871 2406 Interea
896 2359 1124 2413 Brennus,
1151 2374 1245 2419 quo
1269 2357 1387 2403 duce
1409 2355 1563 2418 portio
1588 2355 1831 2402 Gallorum

426 2441 473 2486 in
501 2439 747 2487 Graeciam
772 2455 819 2485 se
845 2438 1089 2493 effuderat,
1114 2437 1278 2484 audita
1299 2437 1497 2483 victoria
1522 2452 1727 2491 suorum,
1752 2435 1833 2497 qui

494 2730 498 2747 ¹
527 2731 572 2761 Of.
593 2730 761 2770 Polybius,
780 2732 928 2770 excerpt.
948 2728 1038 2759 LIX.
1056 2740 1063 2759 :
1094 2729 1160 2759 and
1177 2738 1288 2768 supra,
1308 2739 1338 2768 p.
1358 2729 1408 2763 95,
1428 2728 1486 2763 IL,
1506 2738 1535 2768 p.
1558 2728 1627 2762 101,
1646 2726 1684 2757 V.
1705 2726 1782 2758 VII.
