1980 3290
371 267 459 314 222
530 265 942 314 MONUMENTA
975 265 1321 314 HISTORIOA
1358 266 1623 315 CELTIOA

366 398 507 446 βαλον
527 395 573 436 ἐκ
593 396 868 450 παρατάξεως
889 394 999 436 κατὰ
1019 393 1252 450 πρόσωπον
1274 398 1358 440 τοῖς
1381 398 1572 440 Κελτοῖς.
1633 395 1720 449 ἅμα
1741 395 1783 438 δὲ

366 476 424 528 τῷ
446 473 550 528 πρὸς
572 473 625 515 τὰ
657 472 815 528 δόρατα
836 475 926 517 ταῖς
953 472 1140 528 πρώταις
1165 476 1425 529 καταφοραῖς
1452 473 1679 528 χρωμένων
1700 477 1783 517 τῶν

367 554 573 593 Γαλατῶν
608 552 891 606 (ὶχρειωθῆναι
923 550 997 595 τὰς
1023 550 1239 606 μαχαίρας
1274 550 1582 606 συνδραμόντες
1618 553 1673 597 εἰς
1708 552 1782 597 τὰς

365 634 508 685 χεῖρας
529 629 623 673 τοὺς
643 629 717 682 μὲν
740 628 927 672 Κελτοὺς
948 628 1191 683 ἀπράκτους
1207 628 1413 681 ἐποίησαν
1435 629 1685 684 ἀφελόμενοι
1707 629 1783 682 τὴν

367 709 412 749 ἐκ
434 707 634 763 διάρσεως
656 709 793 748 αὐτῶν
813 708 968 761 μάχην,
999 707 1101 761 ὅπερ
1130 706 1234 749 ἴδιόν
1256 708 1346 749 ἐστι
1374 709 1616 761 Γαλατικῆς
1636 708 1781 764 χρείας

370 785 437 827 διὰ
469 785 516 827 τὸ
557 784 756 839 μηδαμῶς
798 784 982 838 κέντημα
1015 784 1062 826 τὸ
1100 784 1218 840 ξίφος
1251 785 1377 841 ἔχειν·
1421 787 1539 828 αὐτοὶ
1573 786 1607 827 δ’
1641 788 1716 829 οὐκ
1738 788 1783 828 ἐκ

370 867 613 919 καταφορᾶς
635 863 734 903 ἀλλ’
755 863 801 904 ἐκ
822 862 1067 916 διαλήψεως
1098 862 1241 918 ὀρθαῖς
1271 863 1480 918 χρώμενοι
1511 868 1600 909 ταῖς
1623 865 1780 920 μαχαί-

367 960 470 997 ραις,
513 944 746 996 πρακτικοῦ
787 945 859 982 τοῦ
900 941 1156 993 κεντήματος
1195 942 1290 995 περὶ
1331 941 1459 987 αὐτὰς
1501 942 1780 998 ὑπάρχοντος,

369 1019 595 1064 τύπτοντες
626 1019 681 1064 εἰς
712 1019 764 1060 τὰ
796 1018 950 1074 στέρνα
981 1019 1051 1060 καὶ
1083 1018 1136 1060 τὰ
1166 1018 1380 1074 πρόσωπα
1411 1020 1481 1062 καὶ
1512 1021 1684 1075 πληγὴν
1715 1022 1784 1064 ἐπὶ

370 1101 518 1152 πληγῇ
553 1097 745 1152 φέροντες
776 1096 1015 1152 διέφθειραν
1036 1096 1131 1141 τοὺς
1162 1097 1392 1142 πλείστους
1422 1101 1505 1140 τῶν
1535 1101 1784 1155 παραταξα-

370 1175 504 1230 μένων
548 1175 615 1216 διὰ
664 1174 741 1227 τὴν
781 1177 863 1216 τῶν
913 1174 1157 1230 χιλιάρχων
1217 1174 1431 1230 πρόνοιαν.
1512 1176 1531 1218 ὁ
1581 1177 1655 1230 μὲν
1705 1177 1787 1233 γὰρ

372 1253 608 1310 στρατηγὸς
638 1253 872 1307 Φλαμίνιος
903 1254 977 1294 οὐκ
1008 1253 1139 1308 ὀρθῶς
1171 1253 1282 1295 δοκεῖ
1312 1255 1547 1310 κεχρῆσθαι
1569 1257 1627 1311 τῷ
1649 1273 1786 1311 προει-

372 1331 533 1388 ρημένῳ
561 1330 750 1386 κινδύνῳ.
810 1330 910 1386 παρ’
948 1330 1080 1382 αὐτὴν
1115 1330 1196 1386 γὰρ
1229 1330 1305 1383 τὴν
1333 1332 1465 1387 ὀφρὺν
1492 1337 1565 1375 τοῦ
1595 1337 1789 1387 ποταμοῦ

372 1410 654 1463 ποιησάμενος
684 1408 760 1461 τὴν
790 1409 958 1461 ἔκταξιν
990 1407 1193 1464 διέφθειρε
1223 1409 1271 1450 τὸ
1303 1413 1375 1461 τῆς
1396 1410 1629 1464 Ῥωμαϊκῆς
1648 1413 1790 1467 μάχης

373 1488 487 1535 ἴδιον,
529 1488 610 1543 οὐχ
651 1486 979 1540 ὑπολειπόμενος
1020 1485 1151 1528 τόπον
1190 1487 1296 1543 πρὸς
1328 1487 1404 1540 τὴν
1438 1489 1507 1531 ἐπὶ
1546 1488 1659 1531 πόδα
1699 1493 1790 1535 ταῖς

374 1565 567 1621 σπείραις
588 1565 875 1620 ἀναχώρησιν·
912 1564 946 1606 εἰ
966 1564 1047 1619 γὰρ
1070 1564 1232 1616 συνέβη
1244 1566 1394 1621 βραχὺ
1414 1565 1542 1619 μόνον
1562 1568 1790 1620 πιεσθῆναι

371 1648 421 1699 τῇ
457 1645 578 1700 χώρᾳ
613 1643 708 1687 τοὺς
736 1642 889 1697 ἄνδρας
921 1642 1030 1684 κατὰ
1058 1642 1134 1694 τὴν
1159 1644 1315 1698 μάχην,
1347 1643 1511 1698 ῥίπτειν
1541 1645 1592 1687 ι’ὶν
1623 1646 1678 1690 εἰς
1714 1645 1787 1688 τὸν

373 1721 565 1776 ποταμὸν
586 1721 735 1766 αὑτοὺς
756 1721 835 1763 ἔδει
867 1720 934 1762 διὰ
961 1720 1037 1772 τὴν
1067 1720 1279 1776 ἀστοχίαν
1301 1726 1373 1764 τοῦ
1404 1726 1682 1777 προεστῶτος.
1743 1726 1790 1766 οὐ

374 1800 456 1854 μὴν
477 1801 595 1841 ἀλλά
634 1818 681 1854 γε
720 1802 872 1853 πολλῷ
912 1798 1157 1850 νικήσαντες
1202 1804 1291 1843 ταῖς
1341 1800 1563 1856 σφετέραις
1613 1803 1789 1858 ἀρεταῖς,

379 1879 572 1934 καθάπερ
605 1878 734 1924 εἶπον,
772 1877 843 1918 καὶ
879 1876 1164 1930 παμπληθοῦς
1198 1877 1273 1930 μὲν
1305 1877 1422 1923 λείας
1457 1881 1532 1921 οὐκ
1563 1879 1720 1934 ὀλίγων
1752 1880 1794 1922 δὲ

380 1957 551 1999 σκύλων
573 1956 860 2012 κρατήσαντες
882 1955 1126 2006 ἐπανῆλθον
1147 1955 1201 2000 εἰς
1223 1954 1299 2007 τὴν
1320 1956 1494 2010 Ῥώμην.

1508 2032 1557 2073 (ii.
1580 2034 1650 2075 33.)

470 2125 680 2165 XXVIII.
713 2125 781 2178 Τῷ
832 2122 865 2164 δ’
916 2123 1009 2175 ἑξῆς
1068 2122 1149 2164 ἔτει
1208 2123 1666 2180 διαπρεσβευσαμένων
1715 2130 1799 2170 τῶν

385 2204 561 2244 Κελτῶν
602 2201 707 2257 ὑπὲρ
747 2200 907 2256 εἰρήνης
947 2200 1017 2242 καὶ
1057 2204 1145 2242 πᾶν
1193 2202 1385 2255 ποιήσειν
1435 2204 1796 2260 ὑπισχνουμένων,

385 2280 601 2322 ἔσπευσαν
640 2279 680 2321 οἱ
710 2277 1048 2323 κατασταθέντες
1079 2279 1233 2320 ὕπατοι
1269 2281 1446 2336 λῙάρκος
1480 2282 1692 2328 Κλαύδιος
1728 2284 1799 2326 καὶ

386 2360 533 2402 Γναῖος
555 2357 785 2413 Κορνήλιος
806 2360 879 2398 τοῦ
908 2355 965 2408 μὴ
997 2358 1330 2411 συγχωρηθῆναι
1360 2357 1436 2411 τὴν
1458 2359 1622 2415 εἰρήνην
1643 2363 1796 2408 αὐτοῖς.

387 2437 425 2478 οἱ
458 2436 491 2477 δ’
519 2434 819 2490 ἀποτυχόντες,
854 2435 923 2476 καὶ
956 2433 1169 2489 κρίναντες
1205 2435 1421 2489 ἐξελέγξαι
1448 2437 1523 2482 τὰς
1555 2439 1799 2487 τελευταίας

387 2513 574 2561 ἐλπίδας,
609 2513 727 2558 αὖθις
761 2512 963 2569 ὥρμησαν
995 2512 1064 2554 ἐπὶ
1096 2511 1143 2554 τὸ
1175 2514 1435 2566 μισθοῦσθαι
1475 2520 1558 2559 τῶν
1597 2519 1692 2574 περὶ
1730 2519 1804 2562 τὸν
