1980 3290
399 258 486 306 218
557 260 965 307 MONUMENTA
1002 260 1347 308 HISTORICA
1383 255 1647 308 OEL'TIOA

396 388 641 443 παραυτίκα
679 389 753 442 μὲν
794 389 970 441 ἔμειναν,
1010 389 1117 442 μετὰ
1157 389 1200 431 δὲ
1234 393 1368 432 ταῦτα
1402 391 1678 442 σπεισάμενοι
1714 391 1807 432 καθ’

398 466 627 521 ὁμολονγίαν
648 468 862 510 ἀνέλυσαν
883 468 928 509 ἐκ
950 470 1033 509 τῶν
1049 467 1202 510 τόπων.
1262 467 1551 523 περιελθόντες
1572 467 1615 509 δὲ
1635 468 1807 513 πλείους

398 545 551 601 ἡμέρας
572 546 642 588 καὶ
666 545 897 590 διελθόντες
927 545 999 587 τὸν
1032 545 1248 588 Κλούσιον
1278 545 1470 599 ποταμὸν
1501 547 1633 598 ἦλθον
1655 546 1709 591 εἰς
1730 545 1807 598 τὴν

398 626 480 665 τῶν
513 625 761 678 Γονομάνων
794 623 955 680 χώραν,
991 624 1062 665 καὶ
1102 623 1429 679 προσλαβόντες
1469 623 1640 669 τούτους
1680 625 1805 668 ὄντας

397 704 648 758 συμμάχους
687 702 893 752 ἐνέβαλον
931 703 1066 744 πάλιν
1106 701 1192 743 ἀπὸ
1241 704 1323 743 τῶν
1372 702 1481 743 κατὰ
1521 701 1595 746 τὰς
1628 703 1809 746 ”Αλπεις

748 783 764 792 Α

399 779 541 822 τόπων
563 780 618 825 εἰς
638 780 691 821 τὰ
712 798 794 821 των
824 780 1090 835 Ἰνσόμβρων
1120 779 1257 827 πεδία,
1291 780 1361 821 καὶ
1384 780 1458 832 τήν
1489 797 1533 821 τε
1561 783 1641 833 Γγῆν
1662 779 1809 834 ἐδῄουν

399 859 468 900 καὶ
490 858 564 903 τὰς
585 858 800 902 κατοικίας
822 860 958 900 αὐτῶν
986 857 1250 913 ἐξεπόρθουν.
1310 858 1349 899 οἱ
1373 857 1415 899 δὲ
1443 861 1525 900 τῶν
1545 857 1809 913 Ἰνσόμβρων

398 939 661 991 προεστῶτες
684 937 930 991 θεωροῦντες
951 937 1206 990 ἀμετάθετον
1240 937 1373 978 οὖσαν
1394 935 1470 988 τὴν
1495 935 1705 988 ἐπιβολὴν
1727 938 1810 978 τῶν

399 1014 625 1068 Ῥωμαίων,
668 1015 835 1070 ἔκριναν
875 1019 948 1067 τῆς
987 1014 1118 1070 τύχης
1156 1017 1312 1065 λαβεῖν
1352 1017 1502 1069 πεῖραν
1541 1014 1612 1056 καὶ
1653 1013 1807 1056 διακιν-

399 1093 595 1135 δυνεῦσαι
640 1092 745 1148 πρὸς
798 1092 948 1137 αὐτοὺς
998 1091 1253 1147 ὁλοσχερῶς.
1333 1091 1690 1147 συναθροίσαντες
1738 1092 1810 1134 οὖν

398 1172 572 1216 ἁπάσας
593 1171 679 1216 τὰς
707 1171 938 1225 δυνάμεις
969 1171 1037 1212 ἐπὶ
1058 1170 1222 1218 ταύτόν,
1248 1171 1318 1212 καὶ
1345 1171 1419 1215 τὰς
1439 1174 1605 1226 χρυσᾶς
1627 1170 1811 1224 σημαίας

398 1249 472 1294 τὰς
508 1250 727 1303 ἀκινήτους
766 1248 995 1303 λεγομένας
1027 1248 1276 1293 καθελόντες
1317 1250 1362 1290 ἐκ
1402 1253 1475 1291 τοῦ
1516 1252 1589 1300 τῆς
1629 1248 1810 1300 Ἀθηνᾶς

400 1327 521 1383 ἱεροῦ,
559 1328 629 1369 καὶ
665 1327 809 1369 τᾶλλα
843 1328 1273 1382 παρασκευασάμενοι
1315 1326 1499 1374 δεόντως,
1531 1326 1636 1380 μετὰ
1676 1330 1811 1368 ταῦτα

399 1405 713 1461 τεθαρρηκότως
743 1406 813 1447 καὶ
845 1408 1202 1456 καταπληκτικῶς
1232 1404 1704 1461 ἀντεστρατοπέδευσαν
1726 1408 1812 1449 τοῖς

398 1483 627 1536 πολεμίοις,
670 1484 783 1528 ὄντες
817 1482 864 1525 τὸ
904 1483 1070 1535 πλῆθος
1111 1483 1165 1527 εἰς
1214 1484 1340 1526 πέντε
1387 1483 1603 1539 μυριάδας.
1682 1482 1721 1524 οἱ
1770 1482 1812 1524 δὲ

398 1562 594 1615 Ῥωμαῖοι
625 1561 678 1603 τὰ
707 1561 781 1615 μὲν
813 1560 986 1617 ὁρῶντες
1017 1564 1130 1616 σφᾶς
1164 1562 1367 1607 ἐλάττους
1398 1562 1521 1605 ὄντας
1550 1560 1667 1615 παρὰ
1698 1559 1812 1602 πολὺ

398 1643 481 1682 τῶν
502 1639 710 1688 ἐναντίων,
735 1639 964 1690 ἐβούλοντο
997 1641 1273 1695 συὙχρῆσθαι
1304 1644 1395 1684 ταῖς
1424 1642 1507 1681 τῶν
1538 1638 1810 1693 συμμαχούν-

398 1736 482 1760 των
503 1720 643 1762 αὐτοῖς
665 1721 840 1760 Κελτῶν
872 1717 1086 1771 δυνάμεσι·
1130 1718 1182 1759 τὰ
1214 1718 1256 1760 δὲ
1288 1719 1650 1771 συλλογισάμενοι
1672 1716 1747 1769 τήν
1767 1734 1812 1758 τε

399 1795 642 1848 Γαλατικὴν
664 1795 841 1838 ἀθεσίαν
862 1796 932 1838 καὶ
955 1795 1059 1837 διότι
1087 1796 1192 1852 πρὸς
1223 1795 1460 1851 ὁμοφύλους
1482 1798 1564 1837 τῶν
1585 1801 1809 1851 προσλαμ-

396 1874 641 1928 βανομένων
679 1874 889 1928 μέλλουσι
929 1875 1143 1916 ποιεῖσθαι
1192 1874 1265 1916 τὸν
1305 1873 1507 1921 κίνδυνον,
1550 1874 1810 1923 εὐλαβοῦντο

397 1953 598 1997 τοιούτοις
620 1953 824 2008 ἀνδράσιν
845 1952 1036 1994 τοιούτου
1058 1957 1204 2008 καιροῦ
1225 1954 1295 1995 καὶ
1317 1953 1566 2009 πράγματος
1586 1953 1809 1993 κοινωνεῖν.

397 2031 515 2075 τέλος
537 2030 569 2071 δ’
591 2031 661 2072 οῦν
683 2031 801 2072 αὐτοὶ
831 2030 906 2084 μὲν
929 2031 1151 2084 ὑπέμειναν
1182 2031 1296 2076 ἐντὸς
1315 2035 1387 2073 τοῦ
1417 2033 1622 2083 ποταμοῦ,
1653 2028 1747 2072 τοὺς
1768 2027 1811 2069 δὲ

397 2112 479 2150 τῶν
516 2112 691 2151 Κελτῶν
724 2108 851 2163 σφίσι
886 2108 1091 2153 συνόντας
1127 2109 1463 2160 διαβιβάσαντες
1503 2108 1559 2152 εἰς
1594 2107 1642 2149 τὸ
1677 2105 1810 2161 πέραν

397 2186 648 2229 ἀνέσπασαν
669 2187 743 2231 τὰς
764 2187 831 2228 ἐπὶ
855 2190 927 2228 τοῦ
956 2187 1123 2242 ῥείθρου
1153 2188 1347 2243 «γεφύρας,
1372 2187 1458 2241 ἅμα
1479 2187 1553 2240 μὲν
1574 2183 1808 2240 ἀσφαλιζό-
