1980 3290
402 297 491 343 260
553 295 963 342 MONUMENTA
1006 295 1352 342 HISTORICA
1396 296 1660 343 CELTICA

399 423 503 479 πρὸς
533 423 627 467 τοὺς
646 422 878 474 ἸΕλληνας,
907 422 1324 477 προσεπνγενομένων
1355 423 1397 465 δὲ
1428 425 1635 466 Γαλατῶν
1666 426 1808 470 αὐτοῖς

398 505 481 544 τῶν
502 503 597 557 περὶ
624 502 906 557 Κομοντόριον
928 502 983 546 εἰς
1009 505 1096 543 πᾶν
1120 503 1252 555 ἦλθον
1277 504 1582 558 περιστάσεως.

1506 584 1566 626 (iv.
1587 585 1658 626 45.)

472 669 603 710 Οὗτοι
622 667 654 708 δ’
673 667 871 718 ἐκίνησαν
886 667 962 720 μὲν
978 668 1065 721 ἅμα
1083 672 1168 712 τοῖς
1185 669 1277 723 περὶ
1298 667 1473 723 Βρέννον
1490 670 1535 710 ἐκ
1552 674 1624 721 τῆς
1640 669 1804 717 οἰκείας,

395 746 667 802 διαφυγόντες
684 745 726 786 δὲ
747 745 818 786 τὸν
840 745 936 799 περὶ
957 745 1150 800 Δελφοὺς
1172 745 1361 788 κίνδυνον
1383 746 1453 787 καὶ
1476 746 1807 801 παραγενόμενοι

395 825 499 880 πρὸς
516 824 587 866 τὸν
600 823 927 875 (Ελλήσποντον
944 823 999 867 εἰς
1014 823 1088 876 μὲν
1105 823 1180 875 τὴν
1200 823 1353 865 Ἀσίαν
1375 826 1450 866 οὐκ
1471 825 1801 879 ἐπεραιώθησαν,

395 904 523 944 αὐτοῦ
563 901 605 943 δὲ
655 900 901 953 κατέμειναν
951 900 1018 941 διὰ
1059 900 1105 941 τὸ
1155 904 1456 956 φιλοχωρῆσαι
1497 906 1581 946 τοῖς
1621 902 1717 957 περὶ
1757 902 1804 943 τὸ

394 980 622 1031 Βυζάντιον
654 978 812 1022 τόποις.
884 977 924 1018 οἳ
961 978 1031 1019 καὶ
1072 978 1359 1032 κρατήσαντες
1392 982 1474 1020 τῶν
1507 981 1698 1036 Θρᾳκῶν,
1734 979 1804 1020 καὶ

393 1056 815 1109 κατασκευασάμενοι
838 1054 1065 1105 βασίλειον
1087 1054 1162 1106 τὴν
1185 1055 1326 1102 Τύλιν,
1351 1056 1406 1099 εἰς
1432 1055 1646 1111 ὁλοσχερῆ
1667 1056 1801 1098 κίνδυ-

392 1155 462 1179 νον
487 1137 588 1189 ἦγον
610 1134 704 1178 τοὺς
735 1133 1001 1184 Βυζαντίους.
1063 1133 1171 1174 κατὰ
1195 1133 1269 1186 μὲν
1294 1135 1365 1175 οὖν
1390 1133 1463 1177 τὰς
1488 1134 1624 1189 ἀρχὰς
1649 1135 1691 1175 ἐν
1716 1138 1807 1178 ταῖς

389 1214 553 1270 ἐφόδοις
574 1215 725 1259 αὐτῶν,
749 1215 840 1255 ταῖς
865 1211 974 1252 κατὰ
1006 1211 1289 1265 Κομοντόριον
1314 1211 1385 1253 τὸν
1410 1215 1577 1266 πρῶτον
1596 1212 1801 1262 βασιλεύ-

390 1309 538 1337 σαντα,
563 1291 676 1344 δῶρα
698 1288 908 1330 διετέλουν
929 1289 968 1329 οἱ
993 1288 1213 1339 Βυζάντιοι
1235 1287 1414 1331 διδόντες
1435 1288 1514 1329 ἀνὰ
1537 1288 1803 1343 τρισχιλίους

390 1370 459 1411 καὶ
485 1366 875 1421 πεντακισχιλίους,
900 1366 1003 1406 ποτὲ
1029 1365 1071 1406 δὲ
1096 1366 1165 1407 καὶ
1189 1365 1360 1420 μυρίους
1384 1370 1583 1421 χρυσοῦς,
1608 1367 1669 1421 ἐφ’
1693 1366 1724 1422 ᾧ
1745 1366 1801 1419 μὴ

390 1445 685 1501 καταφθείρειν
718 1444 793 1496 τὴν
833 1444 978 1498 χώραν
1018 1445 1169 1484 αὐτῶν.
1231 1442 1350 1487 τέλος
1391 1443 1422 1483 δ’
1465 1443 1801 1496 ἠναγκάσθησαν

389 1525 647 1579 ὀγδοήκοντα
669 1523 861 1564 τάλαντα
886 1525 1167 1577 συγχωρῆσαι
1193 1520 1322 1575 φόρον
1347 1525 1481 1561 τελεῖν
1502 1521 1592 1561 κατ’
1615 1520 1803 1562 ἐνιαυτὸν

389 1604 463 1647 ἕως
484 1602 539 1645 εἰς
562 1601 770 1655 Καύαρον,
790 1599 852 1654 ἐφ’
875 1599 922 1640 οὗ
944 1598 1154 1649 κατελύθη
1175 1598 1248 1651 μὲν
1270 1600 1294 1650 ἡ
1314 1597 1533 1648 βασιλεία,
1553 1597 1600 1638 τὸ
1623 1597 1665 1639 δὲ
1685 1597 1801 1651 ’γένος

388 1681 526 1721 αὐτῶν
541 1677 749 1732 ἐξεφθάρη
772 1680 858 1717 πᾶν
875 1675 956 1717 ὑπὸ
978 1678 1159 1732 Θρᾳκῶν
1181 1676 1225 1716 ἐκ
1245 1678 1490 1728 μεταβολῆς
1507 1675 1798 1730 ἐπικρατηθέν.

1499 1756 1561 1797 (iv.
1582 1756 1654 1797 46.)

474 1854 545 1893 LI.
580 1851 781 1905 Καυιὶρου
807 1849 848 1890 δὲ
874 1853 946 1890 τοῦ
973 1851 1055 1889 τῶν
1086 1851 1294 1890 Γαλατῶν
1323 1848 1542 1898 βασιλέως
1564 1866 1798 1903 παραὙενο-

383 1930 508 1983 μένου
540 1928 645 1983 πρὸς
678 1927 724 1969 τὸ
765 1927 995 1977 Βυζάντιον
1027 1926 1097 1967 καὶ
1139 1925 1452 1976 σπουδάζοντος
1493 1926 1696 1967 διαλῦσαι
1729 1925 1801 1967 τὸν

384 2008 573 2060 πόλεμον
601 2006 671 2047 καὶ
703 2005 915 2061 διέχοντος
947 2004 1195 2059 τὰς>χεῖρας
1227 2003 1470 2058 φιλοτίμως,
1495 2003 1800 2059 συνεχώρησαν

384 2089 469 2129 τοῖς
490 2082 883 2139 παρακαλουμένοις
905 2082 926 2123 ὅ
948 2100 991 2122 τε
1012 2081 1230 2136 Προυσίας
1252 2081 1296 2122 οἷ’
1311 2100 1355 2122 τε
1376 2081 1609 2132 Βυζάντιοι.

1496 2162 1557 2203 (iv.
1579 2162 1649 2202 52.)

470 2259 564 2297 LII.
599 2256 669 2300 Εἰς
701 2255 727 2296 ἃ
766 2254 946 2305 βλέπων
979 2253 998 2295 ὁ
1031 2254 1255 2298 Φίλιππος
1287 2255 1381 2299 τούς
1415 2273 1458 2296 τε
1490 2257 1573 2295 τῶν
1603 2255 1794 2310 Ἀχαιῶν

379 2332 664 2388 μισθοφόρους
687 2332 757 2373 καὶ
779 2334 861 2373 τῶν
883 2331 981 2385 παρ’
1008 2331 1120 2384 αὐτῷ
1148 2333 1326 2384 Κρητῶν
1347 2330 1417 2372 καὶ
1440 2333 1521 2371 τῶν
1543 2332 1794 2372 Γαλατικῶν

382 2410 547 2452 ἱππέων
580 2410 706 2457 τινάς,
742 2409 821 2451 σὺν
862 2408 904 2449 δὲ
943 2408 1105 2452 τούτοις
1145 2411 1228 2450 τῶν
1267 2409 1314 2460 ἐξ
1342 2409 1524 2464 Ἀχαΐας
1557 2408 1791 2450 ἐπιλέκτων

381 2488 436 2532 εἷς
469 2486 709 2542 δισχιλίους
741 2485 889 2536 πεζοὺς
921 2484 1124 2540 ἀθροίσας
1164 2486 1205 2526 ἐν
1237 2488 1287 2539 τῇ
1321 2488 1403 2526 τῶν
1435 2484 1634 2538 Δυμαίων
1666 2485 1791 2527 πόλει

382 2566 642 2609 κατέλειπεν.

1527 2622 1572 2663 (v.
1594 2622 1641 2664 3.)
