1980 3290
386 270 473 316 166
543 268 953 315 MONUMENTA
986 267 1332 314 HISTORICA
1367 267 1632 315 CELTICA

384 396 526 448 κοινὴν
556 397 650 451 περὶ
681 399 888 437 Γαλατῶν
918 396 1059 450 φήμην
1091 395 1335 448 ὑπιδόμενος
1359 395 1620 446 εὐλαβηθείη
1641 396 1802 442 τούτοις

383 475 620 529 ἐγχειρίσαι
641 473 770 515 πόλιν
791 473 1015 525 εὐδαίμονα
1036 474 1105 515 καὶ
1127 473 1295 517 πολλὰς
1316 472 1507 528 ἀφορμὰς
1528 473 1715 528 ἔχουσαν
1743 475 1798 519 εἷς

382 551 771 606 παρασπόνδησιν;
804 551 992 606 δεύτερον
1022 551 1084 595 τίς
1114 553 1188 593 οὐκ
1218 552 1268 593 ἂν
1299 551 1541 605 ἐφυλάξατο
1572 550 1648 602 τὴν
1669 553 1796 594 αὑτοῦ

383 634 456 671 τοῦ
488 630 760 681 συστήματος
792 629 948 671 ἐκείνου
981 629 1257 684 προαίρεσιν;
1289 629 1333 670 οἵ
1361 647 1408 682 γε
1441 628 1516 680 τὴν
1549 628 1625 681 μὲν
1660 629 1797 684 ἀρχὴν

383 708 582 760 ἐξέπεσον
603 708 648 748 ἐκ
670 711 742 759 τῆς
764 707 870 751 ἰδίας
892 706 1217 761 συνδραμόντων
1234 707 1297 748 ἐπ’
1315 706 1464 750 αὐτοὺς
1486 709 1568 748 τῶν
1589 705 1796 759 ὁμοεθνῶν

382 786 450 827 διὰ
483 786 529 827 τὸ
562 785 925 840 παρασπονδῆσαι
958 785 1053 829 τοὺς
1085 786 1223 826 αὑτῶν
1256 784 1429 828 οἰκείους
1464 784 1533 826 καὶ
1566 788 1794 837 συγγενεῖς·

382 863 700 916 ὑποδεξαμένων
721 881 768 916 γε
787 862 869 915 μὴν
890 863 1040 906 αὐτοὺς
1063 862 1367 918 Καρχηδονίων
1396 862 1463 904 διὰ
1484 861 1530 903 τὸ
1553 862 1791 915 κατεπείγε-

380 944 483 984 σθαι
515 941 700 995 πολέμῳ,
736 940 782 982 τὸ
814 941 889 993 μὲν
920 944 1089 995 πρῶτον
1121 940 1338 994 γενομένης
1370 939 1479 984 τινὸς
1514 939 1794 994 ἀντιρρήσεως

378 1024 464 1064 τοῖς
500 1019 780 1074 στρατιώταις
815 1018 918 1073 πρὸς
954 1018 1048 1062 τοὺς
1079 1018 1340 1073 στρατηγοὺς
1378 1018 1481 1073 ὑπὲρ
1514 1017 1713 1072 ὀψωνίων
1748 1018 1793 1070 ἐξ

377 1099 506 1149 αὐτῆς
528 1098 793 1147 ἐπεβάλοντο
816 1097 1058 1152 διαρπάζειν
1088 1096 1163 1148 τὴν
1185 1099 1267 1137 τῶν
1288 1095 1629 1150 Ἀκραγαντίνων
1649 1094 1790 1142 πόλιν,

378 1179 573 1230 φυλακῆς
593 1176 721 1230 χάριν
743 1174 1009 1229 εἰσαχθέντες
1031 1175 1085 1219 εἰς
1107 1175 1248 1226 αὐτήν,
1268 1176 1380 1218 ὄντες
1402 1173 1496 1215 τότε
1516 1173 1687 1217 πλείους
1709 1175 1792 1214 τῶν

379 1253 645 1308 τρισχιλίων·
704 1253 809 1305 μετὰ
832 1252 873 1294 δὲ
896 1257 1029 1294 ταῦτα
1050 1251 1454 1307 παρεισαγαγόντων
1485 1250 1634 1295 αὐτοὺς
1657 1251 1792 1292 πάλιν

379 1332 435 1375 εἷς
469 1332 631 1386 ’Ἐρυκα
670 1334 743 1382 τῆς
783 1332 910 1382 αὐτῆς
949 1330 1093 1385 χρείας
1134 1331 1279 1377 ἕνεκεν,
1327 1328 1667 1384 πολιορκούντων
1716 1327 1793 1379 τὴν

379 1408 510 1451 πόλιν
545 1408 774 1461 Ῥωμαίων,
805 1408 1085 1463 ἐπεχείρησαν
1119 1408 1194 1460 μὲν
1225 1408 1294 1449 καὶ
1328 1407 1404 1458 τὴν
1435 1405 1565 1448 πόλιν
1597 1406 1666 1447 καὶ
1700 1404 1794 1449 τοὺς

381 1485 849 1541 συμπολιορκουμένους
869 1486 1109 1540 προδοῦναι,
1133 1489 1205 1537 τῆς
1227 1485 1269 1526 δὲ
1296 1485 1488 1540 πράξεως
1509 1483 1662 1535 ταύτης
1690 1484 1793 1524 ἀπο-

382 1564 581 1619 τυχόντες
602 1563 901 1616 ηὐτομόλησαν
921 1563 1026 1619 πρὸς
1051 1563 1144 1607 τοὺς
1165 1563 1403 1615 πολεμίους,
1422 1562 1521 1617 παρ’
1543 1562 1602 1606 οἷς
1623 1579 1792 1603 πιστευ-

385 1642 522 1686 θέντες
542 1641 677 1683 πάλιν
699 1641 915 1692 ἐσύλησαν
932 1640 978 1682 τὸ
1001 1645 1073 1693 τῆς
1087 1640 1341 1695 Ἀφροδίτης
1357 1644 1429 1691 τῆς
1445 1639 1661 1694 Ἐρυκίνης
1676 1637 1796 1693 ἱερόν.

386 1720 448 1761 διὸ
481 1722 629 1774 σαφῶς
662 1719 941 1772 ἐπεγνωκότες
970 1719 1167 1771 Ῥωμαῖοι
1199 1718 1275 1769 τὴν
1305 1717 1508 1767 ἀσέβειαν
1538 1719 1688 1763 αὐτῶν,
1712 1716 1799 1768 ἅμα

385 1801 444 1853 τῷ
487 1797 775 1839 διαλύσασθαι
816 1797 887 1838 τὸν
926 1796 1030 1851 πρὸς
1080 1795 1397 1851 Καρχηδονίους
1445 1795 1634 1847 πόλεμον
1682 1793 1790 1835 οὐδὲ)

386 1876 640 1927 ἐποιήσαντο
661 1874 1008 1930 προυργιαίτερον
1029 1878 1103 1916 τοῦ
1119 1873 1474 1929 παροπλίσαντας
1496 1872 1646 1916 αὐτοὺς
1667 1872 1798 1924 ἐμβα-

385 1957 476 1995 λεῖν
498 1953 552 1997 εἷς
568 1956 701 1994 πλοῖα
717 1953 786 1994 καὶ
804 1956 876 2004 τῆς
892 1952 1078 1997 Ἰταλίας
1099 1952 1241 2003 πάσης
1258 1951 1497 2006 ἐξορίστους
1515 1953 1798 2001 καταστῆσαι.

387 2031 456 2075 οὓς
490 2030 749 2085 Ἠπειρῶται
784 2034 857 2082 τῆς
892 2029 1172 2084 δημοκρατίας
1207 2030 1276 2071 καὶ
1313 2031 1395 2071 τῶν
1435 2027 1571 2081 νόμων
1606 2027 1801 2083 φύλακας
