1980 3290
435 278 522 325 182
592 278 1003 327 MONUMENTA
1035 280 1382 328 HISTORICA
1419 282 1685 329 CELTICA

434 405 572 459 τόλμῃ
608 407 1025 460 καταπεπληγμένοι·
1065 408 1172 460 μετὰ
1207 409 1250 450 δέ
1285 427 1378 451 τινα
1407 408 1562 465 χρόνον
1592 412 1712 466 μάχῃ
1735 411 1847 463 νική-

434 502 584 528 σαντες
615 483 842 536 Ῥωμαίους
876 485 946 526 καὶ
980 485 1075 530 τοὺς
1113 486 1220 539 μετὰ
1260 486 1419 528 τούτων
1457 488 1848 542 παραταξαμένους,

435 561 628 614 ἑπόμενοι
661 567 746 606 τοῖς
777 563 981 617 φεύγουσι
1013 564 1128 618 τρισὶ
1169 568 1242 616 τῆς
1280 566 1423 619 μάχης
1462 565 1632 620 ἡμέραις
1672 565 1850 619 ὕστερον

436 640 651 695 κατέσχον
681 640 813 692 αὐτὴν
844 640 920 692 τὴν
950 641 1112 693 Ῥώμην
1142 641 1258 693 πλὴν
1280 646 1353 683 τοῦ
1379 642 1675 684 Καπετωλίου.
1733 661 1848 696 γενο-

434 718 559 770 μένου
599 717 633 758 δ’
675 718 1028 771 ἀντισπάσματος
1072 719 1143 760 καὶ
1183 722 1266 761 τῶν
1315 719 1532 762 Οὐενέτων
1571 719 1851 773 ἐμβαλόντων

435 796 490 839 εἷς
511 795 588 847 τὴν
607 796 753 851 χώραν
777 797 930 842 αὐτῶν,
961 795 1056 837 τότε
1085 796 1160 848 μὲν
1190 799 1469 849 ποιησάμενοι
1500 797 1715 850 συνθήκας
1745 796 1851 851 πρὸς

435 873 663 925 Ῥωμαίους
703 874 774 914 καὶ
814 873 890 925 τὴν
931 873 1060 915 πόλιν
1100 873 1329 918 ἀποδόντες
1378 875 1620 926 ἐπανῆλθον
1669 874 1725 918 εἰς
1773 873 1852 926 τὴν

435 951 603 997 οἰκείαν,
626 951 732 1003 μετὰ
764 951 806 992 δὲ
836 955 971 992 ταῦτα
1001 955 1085 995 τοῖς
1115 952 1336 1006 ἐμφυλίοις
1367 951 1613 1007 συνείχοντο
1634 951 1850 1003 πολέμοις·

436 1029 535 1070 ἔνιοι
556 1029 690 1070 δὲκαὶ
721 1032 804 1070 τῶν
825 1029 900 1073 τὰς
924 1030 1105 1073 ”Αλπεις
1135 1030 1444 1071 κατοικούντων
1475 1028 1603 1084 ὁρμὰς
1633 1030 1852 1070 ἐποιοῦντο

436 1107 505 1148 καὶ
547 1106 872 1161 συνηθροίζοντο
912 1108 1127 1150 πολλάκις
1176 1107 1241 1148 ἐπ’
1291 1107 1456 1153 αὐτούς,
1508 1107 1756 1161 θεωροῦντες
1806 1107 1853 1147 ἐκ

436 1184 710 1238 παραθέσεως
750 1183 826 1235 τήν
864 1184 1260 1239 παραγεγενημένην
1295 1184 1436 1228 αὐτοῖς
1471 1183 1750 1237 εὐδαιμονίαν.
1811 1183 1854 1224 ἐν

437 1261 467 1316 ᾧ
485 1265 616 1316 καιρῷ
638 1262 834 1313 Ῥωμαῖοι
864 1262 940 1313 τήν
970 1279 1015 1303 τε
1035 1261 1243 1316 σφετέραν
1274 1261 1449 1314 δύναμιν
1470 1260 1686 1311 ἀνέλαβον
1707 1260 1777 1302 καὶ
1800 1260 1854 1301 τὰ

435 1339 544 1380 κατὰ
566 1339 661 1383 τοὺς
681 1338 888 1383 Λατίνους
919 1339 1037 1383 αὖθις
1058 1340 1290 1393 πράγματα
1322 1338 1655 1391 συνεστήσαντο.
1715 1354 1852 1392 παρα-

435 1417 666 1470 γενομένων
701 1417 743 1458 δὲ
778 1417 913 1458 πάλιν
947 1420 1030 1458 τῶν
1066 1419 1243 1458 Κελτῶν
1273 1419 1328 1460 εἷς
1353 1419 1530 1467 ’Άλβαν
1566 1433 1853 1469 στρατευματι
1886 1428 1888 1430 ’

434 1494 608 1548 μεγάλῳ
641 1494 748 1546 μετὰ
782 1493 859 1546 τὴν
894 1497 967 1545 τῆς
1003 1493 1167 1538 πόλεως
1199 1495 1452 1547 κατάληψιν
1484 1493 1565 1535 ἕτει
1601 1495 1856 1547 τριακοστῷ,

436 1571 532 1612 τότε
543 1571 618 1623 μὲν
632 1573 706 1613 οὐκ
723 1571 965 1623 ἐτόλμησαν
981 1572 1284 1624 ἀντεξαγαγεῖν
1297 1571 1495 1624 Ῥωμαῖοι
1512 1570 1566 1612 τὰ
1583 1569 1854 1625 στρατόπεδα

437 1649 505 1690 διὰ
535 1648 582 1690 τὸ
613 1649 859 1704 παραδόξου
892 1648 1112 1702 γενομένης
1147 1652 1221 1700 τῆς
1253 1648 1405 1704 ἐφόδου
1436 1648 1853 1704 προκαταληφθῆναι

438 1723 508 1765 καὶ
556 1723 613 1776 μὴ
663 1728 968 1780 καταταχῆσαι
1018 1723 1092 1768 τὰς
1141 1727 1225 1765 τῶν
1274 1725 1514 1779 συμμάχων
1568 1721 1855 1778 ἀθροίσαντας

438 1801 642 1854 δυνάμεις·
683 1802 802 1846 αὖθις
833 1801 866 1842 δ’
897 1803 943 1854 ἐξ
971 1802 1180 1853 ἐπιβολῆς
1216 1802 1358 1857 ἑτέρας
1388 1802 1469 1843 ἔτει
1501 1801 1720 1855 δωδεκάτῳ
1749 1799 1853 1852 μετὰ

436 1879 625 1932 μεγάλης
646 1883 851 1934 στρατιᾶς
872 1879 1233 1934 ἐπιπορευομένων
1263 1878 1591 1934 προαισθόμενοι
1621 1877 1691 1919 καὶ
1724 1894 1853 1918 συνα·

437 1956 648 2011 γείραντες
668 1957 764 2001 τοὺς
795 1958 1048 2012 συμμάχους
1068 1957 1173 2010 μετὰ
1194 1961 1362 2009 πολλῆς
1382 1955 1618 2012 προθυμίας
1639 1954 1854 2006 ἀπήντων,

438 2034 691 2079 σπεύδοντες
721 2037 966 2087 συμβαλεῖν
996 2035 1066 2076 καὶ
1099 2034 1435 2076 διακινδυνεῦσαι
1475 2034 1571 2088 περὶ
1604 2036 1687 2074 τῶν
1727 2033 1853 2073 ὅλων.

439 2112 478 2153 οἱ
527 2112 569 2153 δὲ
619 2114 814 2154 Γαλάται
863 2112 1211 2165 καταπλαγέντες
1261 2111 1337 2164 τὴν
1396 2112 1546 2167 ἔφοδον
1597 2112 1734 2152 αὐτῶν
1783 2109 1853 2150 καὶ

439 2189 824 2235 διαστασιάσαντες
882 2189 986 2245 πρὸς
1035 2194 1148 2245 σφᾶς
1207 2189 1354 2234 νυκτὸς
1402 2188 1693 2242 ἐπιγενομένης
1743 2185 1857 2241 φυγῇ
