1980 3290
421 257 508 303 184
569 259 980 306 MONUMENTA
1022 261 1368 308 HISTORICA
1412 262 1676 309 OELTICA

418 385 730 439 παραπλησίαν
760 387 1015 438 ἐποιήσαντο
1046 387 1123 439 τὴν
1151 388 1430 444 ἀποχώρησιν
1460 389 1515 433 εἰς
1545 389 1621 441 τὴν
1656 389 1824 431 οἰκείαν.

417 463 502 503 ἀπὸ
525 463 566 503 δὲ
586 464 736 504 τούτου
767 468 840 506 τοῦ
861 464 1002 519 φόβου
1033 465 1302 519 τριακαίδεκα
1330 466 1405 519 μὲν
1436 466 1507 518 ἔτη
1537 466 1613 518 τὴν
1644 466 1829 522 ἡσυχίαν

421 541 563 595 ἔσχον,
586 541 692 593 μετὰ
715 542 756 582 δὲ
778 546 909 583 ταῦτα
935 545 1190 596 συνορῶντες
1211 543 1498 595 αὐξανομένην
1519 543 1595 595 τὴν
1616 543 1831 597 Ῥωμαίων

423 618 596 671 δύναμιν
617 619 779 673 εἰρήνην
801 620 1056 672 ἐποιήσαντο
1078 621 1147 662 καὶ
1170 621 1395 673 συνθήκας.

1540 680 1591 720 (ii.
1615 680 1685 721 18.)

512 773 640 814 XHI.
671 772 743 813 Ἐν
784 772 848 815 αἶς
881 772 952 822 ἔτη
984 773 1210 826 τριάκοντα
1242 771 1456 825 μείναντες
1485 772 1683 825 ἐμπεδῶς,
1716 773 1834 817 αὖθις

422 849 644 900 γενομένου
677 849 902 901 κινήματος
934 850 979 890 ἐκ
1013 852 1096 891 τῶν
1127 849 1496 904 Τρανασαλπίνων
1529 848 1739 894 δείσαντες
1777 849 1834 902 μὴ

423 926 608 979 πόλεμος
639 929 779 971 αὐτοῖς
809 928 957 981 ἐγερθῇ
984 927 1133 982 βαρύς,
1165 927 1250 968 ἀπὸ
1279 928 1354 980 μὲν
1385 928 1524 969 αὑτῶν
1555 927 1741 982 ἔτρεψαν
1762 927 1836 971 τὰς

424 1004 551 1058 ὁρμῑὶς
582 1008 665 1046 τῶν
696 1004 1032 1057 ἐξανισταμένων
1064 1004 1397 1060 δωροφοροῦντες
1432 1005 1503 1046 καὶ
1545 1005 1836 1059 προτιθέμενοι

423 1082 499 1133 τὴν
520 1082 778 1135 συγγένειαν,
811 1082 880 1123 ἐπὶ
913 1082 955 1123 δὲ
986 1081 1213 1134 Ῥωμαίους
1242 1083 1497 1136 παρώξυναν
1527 1083 1597 1124 καὶ
1628 1082 1838 1137 μετέσχον

426 1162 567 1203 αὐτοῖς
607 1165 679 1211 τῆς
719 1158 954 1214 στρατείας,
996 1160 1038 1201 ἐν
1078 1159 1102 1213 ᾗ
1144 1159 1220 1211 τὴν
1260 1160 1410 1214 ἔφοδον
1449 1161 1729 1212 ποιησάμενοι
1770 1159 1837 1200 διὰ

425 1237 656 1292 Τυρρηνίας
697 1236 798 1289 ὁμοῦ
839 1237 1277 1291 συστρατευσαμένων
1327 1237 1454 1292 σφίσι
1492 1240 1726 1292 Τυρρηνῶν,
1768 1237 1838 1278 καὶ

427 1315 758 1369 περιβαλόμενοι
774 1313 892 1359 λείας
921 1315 1098 1366 πλῆθος,
1123 1316 1168 1355 ἐκ
1197 1315 1272 1367 μὲν
1302 1319 1375 1367 τῆς
1395 1314 1611 1367 Ῥωμαίων
1632 1313 1839 1370 ἐπαρχίας

426 1394 634 1448 ἀσφαλῶς
673 1393 926 1444 ἐπανῆλθον,
968 1393 1024 1436 εἰς
1064 1392 1106 1433 δὲ
1145 1392 1222 1444 τὴν
1270 1391 1426 1434 οἰκείαν
1474 1391 1719 1447 ἀφικόμενοι
1768 1392 1838 1433 καὶ

427 1471 740 1514 στασιάσαντες
770 1470 867 1524 περὶ
898 1469 975 1522 τὴν
1002 1473 1085 1511 τῶν
1115 1469 1374 1523 εἰλημμένων
1403 1469 1654 1523 πλεονεξίαν
1685 1473 1758 1521 τῆς
1793 1487 1838 1511 τε

426 1547 543 1592 λείας
564 1549 633 1589 καὶ
657 1552 728 1599 τῆς
750 1549 888 1589 αὐτῶν
910 1547 1120 1600 δυνάμεως
1141 1547 1188 1588 τὸ
1216 1551 1424 1589 πλεῖστον
1443 1547 1565 1602 μέρος
1587 1547 1837 1602 διέφθειραν-

428 1630 550 1667 τοῦτο
574 1626 616 1666 δὲ
644 1625 820 1676 σύνηθές
841 1627 933 1666 ἐστι
961 1625 1176 1669 Γαλάταις
1206 1625 1422 1679 πράττειν,
1454 1625 1622 1666 ἐπειδὰν
1650 1624 1840 1679 σφετερί-

429 1702 590 1745 σωνταί
637 1721 676 1744 τι
726 1706 809 1744 τῶν
858 1703 1006 1749 πέλας,
1057 1703 1127 1744 καὶ
1175 1704 1371 1755 μάλιστα
1421 1702 1489 1743 διὰ
1537 1702 1612 1747 τὰς
1661 1701 1842 1754 ἀλόγους

431 1780 702 1835 οἰνοφλυγίας
742 1781 812 1821 καὶ
852 1781 1116 1833 πλησμονάς.
1194 1779 1300 1832 μετὰ
1341 1779 1383 1821 δὲ
1423 1784 1558 1821 ταῦτα
1587 1781 1721 1821 πάλιν
1761 1779 1842 1820 ἔτει

430 1860 616 1912 τετάρτῳ
647 1858 1022 1912 συμφρονήσαντες
1054 1857 1141 1910 ἅμα
1171 1857 1371 1901 Σαυνῖται
1399 1858 1469 1898 καὶ
1501 1859 1695 1898 Γαλάται
1715 1874 1842 1911 παρε-

430 1938 613 1988 τάξαντο
654 1935 872 1987 Ῥωμαίοις
912 1937 954 1976 ἐν
994 1937 1044 1989 τῇ
1088 1935 1335 1990 Καμερτίων
1366 1935 1499 1991 χώρα,
1542 1935 1612 1976 καὶ
1652 1933 1842 1977 πολλοὺς

433 2014 571 2054 αὐτῶν
593 2015 634 2054 ἐν
651 2017 708 2067 τῷ
730 2013 904 2067 κινδύνῳ
927 2013 1175 2068 διέφθειραν·
1217 2014 1259 2054 ἐν
1281 2012 1311 2067 ᾦ
1333 2016 1463 2066 καιρῷ
1485 2011 1841 2067 προσφιλονεική-

435 2109 583 2134 σαντες
597 2090 700 2144 πρὸς
722 2090 768 2131 τὸ
789 2090 958 2143 γεγονὸς
979 2091 1188 2142 ἐλάττωμ’
1207 2090 1349 2134 αὐτοῖς
1371 2090 1565 2142 Ῥωμαῖοι
1586 2092 1674 2142 μετ’
1699 2087 1846 2141 ὀλίγας

436 2167 588 2222 ἡμέρας
620 2168 811 2218 ἐξῆλθον,
845 2167 915 2208 καὶ
950 2165 1248 2219 συμβαλόντες
1282 2169 1393 2207 πᾶσι
1428 2170 1512 2210 τοῖς
1543 2164 1846 2220 στρατοπέδοις

436 2246 477 2286 ἐν
506 2248 556 2298 τῇ
587 2247 669 2285 τῶν
700 2243 959 2286 Σεντινατῶν
989 2244 1109 2299 χώρᾳ
1140 2242 1244 2297 πρὸς
1274 2243 1369 2286 τοὺς
1399 2242 1721 2296 προειρημένους
1751 2240 1847 2285 τοὺς

435 2322 510 2374 μὲν
550 2321 780 2365 πλείστους
829 2321 1093 2367 ἀπέκτειναν,
1144 2319 1239 2363 τοὺς
1288 2319 1330 2360 δὲ
1377 2319 1554 2363 λοιποὺς
1597 2320 1848 2372 ἠνάγκασαν

437 2399 738 2454 προτροπάδην
760 2398 964 2442 ἑκάστους
985 2397 1040 2442 εἰς
1056 2397 1132 2450 τὴν
1153 2395 1309 2438 οἰκείαν
1331 2400 1489 2451 φυγεῖν.
1549 2394 1849 2449 διαγενομένων
