1980 3290
383 290 472 336 234
540 290 952 337 MONUMENTA
985 290 1332 338 HISTORICA
1367 291 1631 338 CELTICA

379 417 608 463 ἐπιτόπους
646 419 850 473 γίνεσθαι,
893 418 965 461 τὸν
1005 418 1185 475 ἀριθμὸν
1219 420 1342 463 ὄντας
1382 419 1438 463 εἰς
1473 418 1675 475 ἑκατέραν
1715 419 1790 472 τὴν

378 495 508 538 πόλιν
535 497 591 541 εἰς
621 496 950 552 ἑξακισχιλίους·
993 497 1048 539 ὧν
1076 496 1152 549 τὴν
1177 496 1252 550 μὲν
1277 488 1378 550 μίαν
1405 497 1566 548 ἔκτιζον
1593 497 1662 539 ἐπὶ
1690 497 1790 559 τάδε

378 577 453 615 τοῦ
480 574 629 616 Πάδου
655 578 860 628 ποταμοῦ,
889 574 1311 631 προσαγορεύσαντες
1339 574 1623 622 Πλακεντίαν,
1652 573 1728 627 τὴν
1755 575 1789 616 δ’

377 652 517 704 ἄλλην
558 653 627 694 ἐπὶ
669 653 837 708 θάτερα,
885 653 1252 706 κατονομάσαντες
1299 652 1539 708 Κρεμώνην.
1617 652 1696 705 ἤδη
1747 652 1790 694 δὲ

377 730 535 772 τούτων
566 730 890 786 συνῳκισμένων
921 731 960 772 οἱ
989 733 1104 773 Βοῖοι
1136 731 1387 784 καλούμενοι
1415 731 1620 778 Γαλάται,
1652 731 1790 772 πάλαι

376 808 450 862 μὲν
471 809 557 851 οἷον
586 812 801 865 λοχῶντες
831 809 906 862 τὴν
936 809 1041 865 πρὸς
1069 808 1296 862 Ῥωμαίους
1329 809 1491 865 φιλίαν,
1521 809 1595 850 οὐκ
1623 808 1790 865 ἔχοντες

378 886 421 928 δὲ
469 886 565 929 τότε
604 887 761 943 καιρόν,
803 887 1141 943 μετεωριζόμενοι
1182 888 1252 930 καὶ
1295 887 1566 932 πιστεύοντες
1613 888 1659 929 ἐκ
1706 890 1789 929 τῶν

379 965 726 1020 διαπεμπομένων
749 969 800 1020 τῇ
832 965 1050 1023 παρουσία
1085 969 1169 1008 τῶν
1202 965 1506 1023 Καρχηδονίων
1539 965 1790 1018 ἀπέστησαν

379 1043 463 1086 ἀπὸ
503 1043 732 1097 Ῥωμαίων,
775 1044 1134 1099 ἐγκαταλιπόντες
1174 1045 1269 1089 τοὺς
1317 1044 1494 1100 ὁμήρους
1529 1046 1598 1089 οὓς
1639 1044 1790 1086 ἔδοσαν

378 1121 644 1173 ἐκβαίνοντες
675 1124 720 1165 ἐκ
748 1127 821 1164 τοῦ
848 1122 1038 1177 πολέμου
1066 1128 1139 1166 τοῦ
1167 1122 1482 1180 προγεγονότος,
1513 1123 1617 1179 ὑπὲρ
1646 1123 1694 1165 οὗ
1715 1121 1790 1174 τὴν

377 1200 576 1255 ἐξήγησιν
604 1203 717 1255 ἡμεῖς
744 1203 786 1244 ἐν
813 1205 864 1256 τῇ
890 1201 1075 1259 προτέρα
1107 1202 1265 1256 βύβλῳ
1299 1201 1453 1253 ταύτης
1485 1200 1788 1254 ἐποιησάμεθα.

377 1280 756 1335 παρακαλέσαντες
797 1280 839 1321 δὲ
882 1280 976 1325 τοὺς
1011 1282 1272 1336 Ἴνσομβρας
1312 1281 1382 1322 καὶ
1418 1279 1791 1336 συμφρονήσαντες

379 1358 488 1399 κατὰ
515 1357 591 1410 τὴν
617 1358 978 1413 προγεγενημένην
1007 1358 1134 1414 ὀργὴν
1162 1358 1400 1414 κατέσυραν
1428 1358 1503 1411 τὴν
1525 1363 1789 1409 κατακεκλη-

376 1436 644 1492 ρουχημένην
691 1437 838 1493 χώραν
889 1437 970 1479 ὑπὸ
1020 1436 1248 1491 Ῥωμαίων,
1293 1437 1363 1479 καὶ
1414 1437 1510 1482 τοὺς
1559 1435 1792 1493 φεύγοντας

378 1512 683 1565 συνδιώξαντες
714 1513 769 1558 εἰς
800 1512 1004 1564 Μοτίνην,
1029 1512 1230 1555 ἀποικίαν
1259 1514 1542 1569 ὑπάρχουσαν
1562 1510 1790 1566 Ῥωμαίων,

378 1584 669 1640 ἐπολιόρκουν.
730 1587 772 1628 ἐν
804 1586 863 1630 οἷς
891 1586 962 1627 καὶ
991 1589 1100 1641 τρεῖς
1131 1585 1284 1642 ἄνδρας
1313 1589 1396 1628 τῶν
1429 1587 1645 1641 ἐπιφανῶν
1672 1583 1790 1626 συνέ-

379 1669 568 1711 κλεισαν,
593 1663 688 1708 τοὺς
719 1665 787 1706 ἐπὶ
815 1664 891 1717 τὴν
922 1663 1124 1720 διαίρεσιν
1156 1668 1228 1717 τῆς
1255 1664 1398 1720 χώρας
1429 1661 1790 1716 ἀπεσταλμένους·

380 1742 436 1783 ὧν
457 1742 514 1786 εἷς
533 1742 608 1795 μὲν
630 1744 679 1796 ἦν
693 1743 817 1787 Γάιος
833 1743 1044 1787 Λυτάτιος
1066 1744 1136 1785 καὶ
1161 1742 1237 1795 τὴν
1254 1744 1417 1785 ὕπατον
1433 1741 1572 1798 ἀρχὴν
1593 1740 1788 1796 εἰληφώς,

380 1820 419 1862 οἱ
459 1820 502 1862 δὲ
542 1820 614 1862 δύο
648 1820 724 1873 τὴν
756 1820 1029 1874 ἑξαπέλεκυν.
1090 1821 1288 1874 οἰομένων
1329 1821 1371 1863 δὲ
1412 1821 1497 1863 δεῖν
1535 1819 1696 1862 τούτων
1735 1818 1791 1863 εἷς

378 1899 532 1953 λόγους
553 1898 681 1955 σφίσι
711 1901 931 1942 συνελθεῖν
962 1900 1211 1952 ὑπήκουσαν
1232 1900 1270 1942 οἱ
1297 1903 1423 1942 Βοῖοι·
1468 1901 1551 1941 τῶν
1573 1898 1607 1940 δ’
1629 1897 1791 1953 ἀνδρῶν

380 1976 639 2030 ἐξελθόντων
679 1977 1120 2033 παρασπονδήσαντες
1165 1977 1410 2028 συνέλαβον
1459 1975 1621 2023 αὐτούς,
1670 1972 1789 2016 ε’λπί-

379 2073 529 2100 σαντες
551 2055 619 2096 διὰ
640 2054 798 2097 τούτων
820 2057 1058 2109 κομιεῖσθαι
1085 2055 1181 2101 τοὺς
1202 2057 1341 2097 αὑτῶν
1369 2054 1559 2111 ὁμήρους.
1618 2051 1791 2096 Λεύκιος

379 2134 422 2175 δὲ
450 2135 622 2178 Μάλιος
649 2132 907 2186 ἑξαπέλεκυς
935 2134 1141 2189 ὑπάρχων
1168 2133 1238 2175 καὶ
1266 2133 1584 2190 προκαθήμενος
1610 2131 1680 2174 ἐπὶ
1707 2132 1790 2172 τῶν

378 2211 520 2254 τόπων
550 2211 656 2265 μετὰ
692 2212 915 2265 δυνάμεως,
950 2212 1137 2257 ἀκούσας
1174 2211 1221 2253 τὸ
1257 2211 1430 2266 γεγονὸς
1471 2210 1640 2263 ἐβοήθει
1680 2207 1790 2252 κατὰ

380 2290 583 2343 σπουδήν.
645 2291 684 2332 οἱ
723 2289 767 2331 δὲ
801 2292 918 2332 Βοῖοι
955 2290 1147 2335 συνέντες
1179 2291 1309 2332 αὐτοῦ
1344 2289 1420 2342 τὴν
1451 2287 1705 2346 παρουσίαν,
1747 2286 1790 2329 ἔν

379 2385 467 2409 τισι
503 2368 672 2423 δρυμοῖς
704 2368 1003 2422 ἑτοιμάσαντες
1037 2368 1213 2424 ἐνέδρας,
1250 2368 1337 2422 ἅμα
1369 2370 1428 2424 τῷ
1467 2368 1696 2423 παρελθεῖν
1735 2365 1790 2408 εἰς

380 2445 474 2489 τοὺς
491 2445 664 2490 ὑλώδεις
686 2445 840 2490 τόπους
861 2445 1137 2502 πανταχόθεν
1152 2445 1240 2498 ἅμα
1260 2444 1579 2502 προσπεσόντες
1601 2442 1790 2487 πολλοὺς
