1980 3290
391 261 477 307 192
539 262 949 309 MONUMENTA
990 263 1337 311 HISTORICA
1380 264 1645 314 CELTICA

389 388 422 429 δ’
446 389 758 434 ὑποδεικνύντες
779 390 826 431 τὸ
846 390 1018 443 μέγεθος
1040 395 1112 443 τῆς
1134 391 1348 445 Ῥωμαίων
1375 391 1636 445 εὐδαιμονίας
1657 395 1727 436 καὶ
1750 396 1796 437 τὸ

388 465 552 516 πλῆθος
593 468 676 507 τῶν
718 465 992 520 ὑπαρξόντων
1031 468 1172 510 αὐτοῖς
1211 467 1382 519 ἀγαθῶν
1425 467 1496 508 ἐὰν
1535 470 1796 522 κρατήσωσι,

388 542 696 596 προετρέποντο
727 544 798 584 καὶ
826 543 1075 598 παρώξυνον
1096 543 1200 598 πρὸς
1221 543 1297 595 τὴν
1327 544 1396 585 ἐπὶ
1419 544 1646 597 Ῥωμαίους
1667 565 1795 602 στρα-

389 619 515 661 τείαν·
575 620 728 676 ῥαδίως
759 621 793 661 δ’
821 621 1007 668 ἔπεισαν,
1042 621 1128 674 ἅμα
1158 625 1244 665 τοῖς
1274 622 1586 676 προειρημένοις
1617 624 1797 670 διδόντες

387 698 460 750 μὲν
477 697 529 738 τὰ
559 698 696 739 πιστὰ
726 699 820 753 περὶ
852 703 924 751 τῆς
955 700 1092 740 αὑτῶν
1123 699 1382 754 συμμαχίας,
1415 701 1799 753 ἀναμιμνήσκοντες

389 775 431 817 δὲ
467 780 539 827 τῆς
575 780 656 818 τῶν
685 776 799 817 ἰδίων
834 776 1053 832 προγόνων
1084 777 1274 831 πράξεως
1310 778 1470 824 αὐτούς,
1514 779 1555 820 ἐν
1595 778 1620 833 ᾗ
1660 779 1798 822 ’κεῖνοι

389 854 724 908 στρατεύσαντες
744 857 790 896 οὐ
810 854 937 908 μόνον
953 854 1151 905 ἐνίκησαν
1166 854 1398 910 μαχόμενοι
1419 856 1659 909 Ῥωμαίους,
1682 858 1798 898 ἀλλὰ

389 932 459 972 καὶ
480 932 585 985 μετὰ
606 932 682 984 τὴν
701 934 847 988 μάχην
868 933 914 984 ἐξ
933 932 1084 987 ἐφόδου
1115 932 1328 988 κατέσχον
1359 933 1489 985 αὐτὴν
1520 934 1596 986 τὴν
1623 935 1796 987 Ῥώμην,

389 1010 600 1063 γενόμενοι
630 1010 672 1052 δὲ
704 1011 775 1051 καὶ
811 1014 894 1052 τῶν
927 1010 1209 1065 ὑπαρχόντων
1243 1012 1445 1053 ἁπάντων
1480 1013 1692 1067 ἐγκρατεῖς
1728 1014 1798 1054 καὶ

389 1092 461 1139 τῆς
482 1088 646 1133 πόλεως
676 1090 804 1140 αὐτῆς
834 1088 940 1130 ἑπτὰ
970 1092 1104 1141 μῆνας
1133 1089 1435 1143 κυριεύσαντες,
1468 1089 1588 1134 τέλος
1613 1091 1799 1132 ἐθελοντὶ

389 1165 460 1205 καὶ
500 1163 605 1218 μετὰ
644 1165 819 1219 χάριτος
857 1162 1117 1218 παραδόντες
1157 1163 1233 1214 τήν
1272 1163 1412 1210 πόλιν,
1455 1164 1688 1219 ἄθραυστοι
1727 1167 1798 1207 καὶ

389 1243 544 1286 ἀσινεῖς
580 1242 747 1297 ἔχοντες
780 1241 855 1292 τὴν
890 1241 1098 1295 ὠφέλειαν
1133 1241 1189 1286 εἰς
1229 1240 1305 1292 τὴν
1346 1241 1502 1283 οἰκείαν
1541 1243 1797 1295 ἐπανῆλθον.

390 1321 445 1362 ὧν
467 1320 687 1363 ἀκούοντες
718 1320 756 1361 οἱ
785 1319 880 1373 περὶ
912 1319 1062 1362 αὐτοὺς
1092 1318 1287 1372 ἡγεμόνες
1317 1318 1424 1360 οὕτω
1452 1321 1800 1374 παρωρμήθησαν

388 1399 458 1440 ἐπὶ
490 1397 565 1449 τὴν
596 1396 823 1452 στρατείαν
853 1396 962 1438 ὥστε
991 1396 1200 1449 μηδέποτε
1227 1397 1333 1449 μήτε
1363 1397 1536 1441 πλείους
1564 1397 1659 1449 μήτ’
1690 1398 1799 1439 ἐνδο-

391 1476 581 1530 ξοτέρους
601 1476 705 1527 μήτε
734 1474 1054 1530 μαχιμωτέρους
1084 1473 1237 1528 ἄνδρας
1258 1475 1442 1526 ἐξελθεῖν
1473 1475 1518 1515 ἐκ
1539 1475 1698 1517 τούτων
1719 1478 1801 1517 τῶν

389 1554 532 1596 τόπων
546 1557 618 1605 τῆς
635 1552 863 1596 Γαλατίας.
923 1551 1033 1593 κατὰ
1051 1550 1093 1592 δὲ
1107 1552 1200 1595 τοὺς
1217 1552 1385 1607 καιροὺς
1402 1552 1572 1596 τούτους
1593 1553 1799 1605 Ῥωμαῖοι,

390 1632 442 1672 τὰ
481 1631 556 1683 μὲν
595 1630 815 1674 ἀκούοντες
849 1629 902 1670 τὰ
943 1629 985 1670 δὲ
1017 1629 1424 1681 καταμαντευόμενοι
1458 1629 1504 1670 τὸ
1538 1629 1710 1683 μέλλον,
1747 1631 1802 1674 εἰς

391 1709 552 1764 φόβους
574 1708 797 1749 ἐνέπιπτον
827 1711 1018 1763 συνεχεῖς
1048 1707 1119 1748 καὶ
1141 1706 1334 1761 ταραχὰς
1361 1707 1430 1748 ἐπὶ
1461 1711 1663 1749 τοσοῦτον
1693 1707 1802 1748 ὥστε

391 1788 494 1829 ποτὲ
520 1786 594 1838 μὲν
625 1785 896 1840 στρατόπεδα
926 1787 1217 1840 καταγράφειν
1247 1785 1316 1825 καὶ
1347 1784 1470 1825 σίτου
1500 1784 1569 1825 καὶ
1600 1787 1683 1826 τῶν
1713 1786 1800 1826 ἐπι-

392 1865 564 1916 τηδείων
604 1864 818 1905 ποιεῖσθαι
856 1864 1142 1918 παρασκευάς,
1174 1863 1277 1904 ποτὲ
1314 1862 1356 1903 δὲ
1396 1863 1467 1904 καὶ
1502 1862 1576 1906 τὰς
1611 1861 1803 1915 δυνάμεις

392 1945 555 1996 ἐξάγειν
576 1942 645 1983 ἐπὶ
667 1942 761 1985 τοὺς
782 1941 901 1996 ὅρους
932 1943 985 1985 ὡς
1014 1941 1092 1993 ἤδη
1122 1940 1346 1995 παρόντων
1376 1940 1431 1984 εἰς
1459 1939 1535 1991 τὴν
1555 1941 1700 1994 χώραν
1720 1943 1802 1981 τῶν

392 2020 619 2073 πολεμίων,
644 2019 805 2061 οὐδέπω
828 2019 1108 2070 κεκινηκότων
1138 2019 1183 2060 ἐκ
1213 2022 1285 2069 τῆς
1313 2018 1467 2061 οἰκείας
1498 2020 1581 2059 τῶν
1612 2020 1800 2059 Κελτῶν-

393 2101 467 2141 οὐκ
506 2100 721 2153 ἐλάχιστα
761 2097 804 2138 δὲ
843 2097 1106 2151 συνήργησεν
1146 2096 1217 2137 καὶ
1251 2094 1558 2151 Καρχηδονίοις
1593 2099 1715 2136 τοῦτο
1756 2094 1802 2135 τὸ

394 2177 547 2229 κίνημα
583 2175 686 2230 πρὸς
727 2175 774 2216 τὸ
807 2176 1220 2217 κατασκευάσασθαι
1256 2174 1308 2215 τὰ
1348 2173 1458 2215 κατὰ
1497 2172 1573 2224 τὴν
1613 2171 1803 2226 Ἰβηρίαν

394 2256 614 2308 ἀσφαλῶς·
657 2253 852 2306 Ῥωμαῖοι
892 2254 986 2307 γάρ,
1029 2254 1081 2296 ὡς
1131 2253 1201 2294 καὶ
1251 2251 1438 2306 πρόσθεν
1486 2252 1583 2302 ἡμῖν
1630 2250 1801 2303 εἴρηται,

395 2331 602 2386 κρίνοντες
642 2330 949 2384 ἀναγκαιότερα
985 2334 1119 2371 ταῦτα
1155 2329 1222 2371 διὰ
1255 2328 1301 2370 τὸ
1337 2328 1442 2383 πρὸς
1476 2333 1566 2373 ταῖς
1601 2332 1804 2384 πλευραῖς
