1980 3290
374 258 461 305 190
530 258 942 305 MONUMENTA
977 260 1323 308 HISTORICA
1359 262 1624 312 CELTIOA

373 385 425 426 τὰ
446 386 738 440 προειρημένα·
781 386 843 427 διὸ
866 387 935 428 καὶ
957 388 1308 442 παραγενομένων
1338 393 1421 432 τῶν
1450 393 1790 445 Τρανσαλπίνων

373 464 446 507 ἕως
467 462 684 518 Ἀριμίνου
703 463 809 515 μετὰ
840 463 1049 517 δυνάμεως
1080 465 1423 518 διαπιστήσαντα
1453 468 1505 509 τὰ
1526 470 1672 522 πλήθη
1704 475 1788 513 τῶν

374 539 519 586 Βοίων,
549 540 620 581 καὶ
655 541 958 583 στασιάσαντα
991 542 1096 597 πρός
1129 561 1173 584 τε
1201 544 1294 587 τοὺς
1325 545 1483 587 ἑαυτῶν
1512 551 1787 601 προεστῶτας

371 618 441 659 καὶ
482 618 586 672 πρὸς
628 619 723 662 τοὺς
773 619 1128 673 παραγεγονότας,
1180 621 1350 665 ἀνεῖλον
1388 622 1463 675 μὲν
1513 624 1607 668 τοὺς
1657 624 1786 670 ἰδίους

369 698 570 744 βασιλεῖς
613 698 735 738 ”Ατιν
785 697 856 738 καὶ
908 698 1114 744 Γάλατον,
1166 698 1414 754 κατέκοψαν
1473 700 1506 741 δ’
1565 702 1784 755 ἀλλήλους

370 773 667 826 συμβαλόντες
702 776 747 816 ἐκ
779 777 1072 829 παρατάξεων·
1109 776 1177 817 ὅτε
1217 775 1266 827 δὴ
1306 778 1376 819 καὶ
1417 778 1615 831 Ῥωμαῖοι
1654 782 1782 821 κατά-

369 854 499 904 φοβοι
548 851 758 905 γενόμενοι
798 851 874 904 τὴν
914 852 1063 907 ἔφοδον
1103 854 1283 905 ἐξῆλθον
1321 855 1427 907 μετὰ
1476 857 1781 911 στρατοπέδου·

369 929 560 974 συνέντες
611 929 653 971 δὲ
702 930 778 982 τὴν
819 930 1066 985 αὐθαίρετον
1115 932 1391 987 καταφθορὰν
1442 936 1524 974 τῶν
1574 936 1782 976 Γαλατῶν

369 1009 487 1051 αἶθις
527 1008 805 1063 ἀνεχώρησαν
845 1008 900 1051 εἰς
935 1007 1012 1059 τὴν
1053 1007 1221 1050 οἰκείαν·
1281 1010 1387 1061 μετὰ
1428 1010 1470 1051 δὲ
1511 1015 1658 1053 τοῦτον
1709 1012 1781 1053 τὸν

368 1085 507 1139 φόβον
529 1086 609 1127 ἔτει
629 1085 822 1140 πέμπτῳ,
849 1087 1032 1140 Μάρκου
1059 1086 1248 1127 Λεπέδου
1274 1092 1625 1142 στρατηγοῦντος,
1659 1108 1777 1131 κατε-

368 1164 672 1219 κληρούχησαν
703 1164 744 1204 ἐν
775 1163 970 1220 Γαλατία
1001 1163 1198 1217 Ῥωμαῖοι
1229 1163 1305 1216 τὴν
1336 1166 1586 1217 Πικεντίνην
1616 1184 1778 1221 προσα-

367 1241 640 1296 γορευομένην
660 1241 819 1297 χώραν,
838 1242 884 1294 ἐξ
902 1243 949 1293 ἧς
971 1241 1216 1293 νικήσαντες
1238 1242 1446 1294 ἐξέβαλον
1468 1244 1563 1288 τοὺς
1585 1242 1780 1296 Σήνωνας

366 1319 807 1374 προσαγορευομένους
838 1320 1047 1365 Γαλάτας,
1082 1321 1209 1360 Γαΐου
1239 1320 1481 1373 Φλαμινίου
1511 1320 1668 1372 ταύτην
1703 1321 1780 1373 τὴν

369 1396 642 1450 δημαγωγίαν
700 1396 1037 1448 εἰσηγησαμένου
1096 1398 1166 1438 καὶ
1216 1399 1451 1445 πολιτείαν,
1503 1399 1554 1450 ἣν
1604 1398 1652 1451 δὴ
1708 1401 1780 1441 καὶ

369 1475 585 1528 Ῥωμαίοις
617 1476 669 1519 ὡς
700 1474 798 1518 ἔπος
829 1474 959 1515 εἰπεῖν
990 1474 1146 1526 φατέον
1176 1474 1369 1529 ἀρχηγὸν
1388 1475 1463 1528 μὲν
1490 1476 1687 1529 γενέσθαι
1709 1482 1782 1529 τῆς

369 1553 437 1594 ἐπὶ
460 1552 507 1594 τὸ
529 1556 672 1608 χεῖρον
702 1555 775 1593 τοῦ
797 1552 928 1605 δήμου
951 1551 1222 1607 διαστροφῆς,
1246 1552 1387 1594 αἰτίαν
1410 1552 1451 1594 δὲ
1473 1554 1543 1594 καὶ
1572 1559 1645 1596 τοῦ
1675 1555 1780 1608 μετὰ

369 1635 504 1672 ταῦτα
524 1630 713 1683 πολέμου
743 1630 981 1674 συστάντος
1011 1631 1152 1674 αὐτοῖς
1182 1629 1288 1685 πρὸς
1319 1630 1414 1675 τοὺς
1445 1632 1778 1686 προειρημένους.

369 1709 525 1750 πολλοὶ
575 1708 650 1761 μὲν
697 1707 780 1762 γὰρ
829 1710 912 1748 τῶν
962 1710 1169 1749 Γαλατῶν
1219 1707 1445 1749 ὑπεδύοντο
1486 1708 1562 1760 τὴν
1610 1711 1780 1764 πρᾶξιν,

368 1787 561 1840 μάλιστα
593 1785 626 1826 δ’
658 1786 697 1827 οἱ
727 1787 842 1826 Βοῖοι
873 1784 942 1826 διὰ
972 1784 1020 1825 τὸ
1051 1789 1345 1840 συντερμονεῖν
1376 1789 1426 1839 τῇ
1457 1789 1540 1828 τῶν
1562 1786 1778 1840 Ῥωμαίων

368 1865 502 1921 χώρα,
537 1863 783 1916 νομίσαντες
815 1864 895 1918 οὐχ
936 1862 1040 1917 ὑπὲρ
1076 1863 1297 1915 ἡγεμονίας
1332 1863 1392 1904 ἔτι
1428 1864 1498 1905 καὶ
1535 1864 1781 1909 δυναστείας

369 1941 596 1995 Ῥωμαίους
626 1941 700 1982 τὸν
729 1940 833 1995 πρὸς
863 1940 1013 1984 αὐτοὺς
1043 1941 1310 1992 ποιήσασθαι
1331 1940 1530 1993 πόλεμον,
1555 1943 1654 1982 ἀλλ’
1678 1944 1780 1997 ὑπὲρ

371 2020 627 2075 ὁλοσχεροῦς
648 2018 970 2070 ἐξαναστάσεως
991 2018 1062 2058 καὶ
1085 2018 1370 2072 καταφθορᾶς.

1491 2081 1541 2117 (ii.
1563 2079 1634 2119 21.)

457 2161 576 2199 XVI.
609 2155 766 2209 Διόπερ
797 2154 946 2198 εὐθέως
978 2154 1030 2194 τὰ
1059 2154 1241 2206 μέγιστα
1272 2157 1354 2195 τῶν
1385 2156 1526 2202 ἐθνῶν,
1550 2155 1596 2198 τό
1625 2174 1668 2198 τε
1700 2161 1783 2199 τῶν

371 2236 636 2290 Ἰιισόμβρων
672 2234 742 2274 καὶ
776 2232 922 2277 Βοίων,
958 2232 1321 2286 συμφρονήσαντα
1357 2232 1635 2285 διεπέμποντο
1675 2236 1778 2290 πρὸς

373 2316 467 2359 τοὺς
508 2313 617 2355 κατὰ
656 2311 731 2355 τὰς
766 2311 945 2353 ’Ἄλπεις
985 2310 1055 2350 καὶ
1096 2309 1191 2364 περὶ
1241 2309 1313 2350 τὸν
1353 2310 1549 2352 Ῥοδανὸν
1589 2312 1780 2365 ποταμὸν

375 2395 671 2435 κατοικοῦντας
693 2391 903 2433 Γαλάτας,
935 2386 1376 2439 προσαγορευομένους
1398 2386 1439 2428 δὲ
1470 2387 1538 2429 διὰ
1560 2388 1606 2430 τὸ
1626 2390 1781 2441 μισθοῦ

374 2469 617 2525 στρατεύειν
652 2467 919 2509 Γαισάτους·Ῑ
961 2466 985 2516 ἡ
1017 2463 1099 2518 γὰρ
1132 2463 1244 2516 λέξις
1277 2465 1383 2515 αὕτη
1423 2469 1545 2506 τοῦτο
1586 2468 1781 2520 σημαίνει

375 2548 536 2602 κυρίως.
611 2546 667 2587 ὧν
695 2548 780 2586 τοῖς
802 2545 1044 2593 βασιλεῦσι
1077 2542 1382 2596 Κογκολιτάνῳ
1415 2543 1486 2583 καὶ
1516 2543 1780 2599 Ἀνηροέστῳ

375 2625 618 2680 παραυτίκα
647 2623 722 2675 μὲν
751 2620 932 2676 χρυσίου
962 2618 1254 2674 προτείναντες
1280 2620 1457 2672 πλῆθος,
1479 2620 1535 2665 εἰς
1556 2621 1603 2662 τὸ
1622 2622 1782 2675 μέλλον
