1980 3290
372 239 462 286 240
522 238 933 286 MONUMENTA
973 238 1321 286 HISTORICA
1364 239 1629 287 CELTIOA

373 368 539 419 πλῆθος
569 366 951 422 προκατελάβοντο
982 366 1079 411 τοὺς
1109 365 1325 422 εὐκαίρους
1355 365 1522 414 τόπους,
1552 366 1603 409 δι’
1627 368 1682 410 ὧν
1703 367 1783 409 ἔδει

375 446 470 491 τοὺς
502 446 596 501 περὶ
631 444 704 487 τὸν
736 444 941 495 Ἀννίβαν
973 446 1065 486 κατ’
1102 445 1291 498 ἀνάγκην
1325 445 1543 487 ποιεῖσθαι
1573 445 1650 498 τὴν
1684 446 1782 488 ἀνα-

372 524 527 577 βολήν.
587 524 622 565 εἰ
654 524 729 577 μὲν
761 523 834 565 οὖν
866 523 1061 578 ἔκρυψαν
1094 523 1170 576 τὴν
1210 521 1409 570 ἐπίνοιαν,
1452 522 1694 579 ὁλοσχερῶς
1733 523 1785 565 ἂν

375 601 611 657 διέφθειραν
643 601 690 643 τὸ
723 601 969 656 στράτευμα
1001 604 1085 643 τῶν
1114 599 1433 656 Καρχηδονίων·
1474 604 1547 643 νῦν
1580 601 1623 643 δὲ
1654 618 1783 643 κατα-

376 683 520 736 φανεῖς
570 678 781 734 γενόμενοι
829 679 1000 733 μεγάλα
1047 679 1122 733 μὲν
1174 680 1245 722 καὶ
1296 678 1392 724 τοὺς
1431 680 1528 735 περὶ
1578 678 1786 729 Ἀννίβαν

376 759 597 814 ἔβλαψαν,
630 759 706 800 ου’κ
726 757 892 799 ἐλάττω
924 757 957 798 δ’
989 757 1173 802 ἑαυτούς.
1233 757 1357 810 γνοὺς
1387 757 1469 812 γὰρ
1497 756 1517 799 ὁ
1549 756 1787 812 στρατηγὸς

376 840 459 879 τῶν
500 835 807 892 Καρχηδονίων
845 835 909 877 ὅτι
954 834 1298 890 προκατέχουσιν
1338 836 1377 878 οἱ
1423 835 1645 891 βάρβαροι
1694 835 1788 879 τοὺς

375 915 589 970 εὐκαίρους
611 914 777 961 τόπους,
802 913 926 958 αὐτὸς
956 914 1030 966 μὲν
1061 913 1544 969 καταστρατοπεδεύσας
1569 913 1673 968 πρὸς
1696 916 1788 957 ταῖς

375 995 637 1049 ὑπερβολαῖς
658 992 839 1044 ἐπέμενε,
861 991 1114 1047 προέπεμψε
1145 991 1188 1033 δέ
1219 1010 1332 1036 τινας
1360 995 1443 1033 τῶν
1465 990 1789 1045 καθηγουμένων

374 1073 516 1116 αὐτοῖς
537 1074 746 1114 Γαλατῶν
767 1072 895 1127 χάριν
917 1074 990 1112 τοῦ
1013 1070 1381 1124 κατασκέψασθαι
1405 1070 1481 1122 τὴν
1506 1072 1589 1111 τῶν
1611 1071 1786 1111 ὑπεναν-

377 1151 476 1193 τίων
517 1149 705 1192 ἐπίνοιαν
738 1150 809 1192 καὶ
842 1148 918 1202 τὴν
950 1150 1054 1200 ὅλην
1094 1148 1310 1195 ὑπόθεσιν,
1353 1149 1408 1190 ὧν
1448 1148 1702 1202 πραξάντων
1741 1147 1789 1188 τὸ

376 1228 629 1285 συνταχθέν,
681 1227 876 1281 ἐπιγνοὺς
924 1226 944 1269 ὁ
994 1226 1232 1282 στρατηγὸς
1271 1227 1336 1268 ὅτι
1386 1226 1461 1271 τὰς
1509 1226 1585 1280 μὲν
1634 1224 1789 1280 ἡμέρας

377 1309 585 1362 ἐπιμελῶς
615 1310 958 1361 παρευτακτοῦσι
989 1305 1060 1348 καὶ
1091 1309 1265 1360 τηροῦσι
1295 1304 1391 1349 τοὺς
1421 1304 1577 1349 τόπους
1602 1304 1642 1345 οἱ
1661 1302 1787 1345 πολέ-

376 1404 475 1440 μιοι,
498 1385 572 1430 τὰς
594 1385 636 1426 δὲ
667 1384 820 1429 νύκτας
850 1385 906 1428 εἴς
937 1402 1031 1426 τινα
1061 1382 1372 1438 παρακειμένην
1402 1382 1530 1424 πόλιν
1560 1381 1787 1423 ἀπαλλάτ-

377 1482 534 1511 τονται,
557 1463 662 1519 πρὸς
684 1462 842 1514 ταύτην
863 1462 938 1515 τὴν
961 1460 1165 1504 ὑπόθεσιν
1196 1460 1473 1516 ἁρμοζόμενος
1495 1460 1789 1512 συνεστήσατο

377 1545 534 1599 πρᾶξιν
554 1541 765 1593 τοιαύτην.
825 1541 1061 1591 ἀναλαβὼν
1082 1540 1158 1592 τὴν
1179 1539 1353 1593 δύναμιν
1377 1543 1561 1594 προῆγεν
1582 1539 1788 1593 ἐμφανῶς,

379 1623 449 1664 καὶ
480 1620 735 1675 συνεγγίσας
767 1624 859 1664 ταῖς
895 1617 1154 1675 δυσχωρίαις
1185 1618 1233 1659 οὗ
1262 1617 1430 1673 μακρὰν
1461 1620 1544 1659 τῶν
1576 1615 1791 1670 πολεμίων

380 1698 835 1755 κατεστρατοπέδευσε.
895 1702 968 1750 τῆς
997 1697 1040 1739 δὲ
1073 1696 1220 1740 νυκτὸς
1253 1695 1545 1749 ἐπιγενομένης
1578 1696 1791 1747 συντάξας

380 1779 433 1821 τὰ
464 1778 578 1833 πυρὰ
611 1777 754 1824 καίειν,
789 1777 836 1818 τὸ
865 1776 940 1831 μὲν
975 1779 1126 1818 πλεῖον
1156 1774 1279 1830 μέρος
1314 1779 1388 1827 τῆς
1421 1774 1630 1827 δυνάμεως
1662 1773 1792 1815 αὐτοῦ

379 1857 594 1904 κατέλιπε,
619 1855 713 1900 τοὺς
744 1856 778 1897 δ’
811 1853 1176 1907 ἐπιτηδειοτάτους
1206 1853 1407 1905 εὐζώνους
1436 1851 1620 1904 ποιήσας
1646 1851 1793 1903 διῆλθε

379 1936 433 1977 τὰ
465 1934 594 1977 στενὰ
626 1934 702 1986 τὴν
734 1932 866 1976 νύκτα
901 1933 971 1975 καὶ
1004 1931 1192 1987 κατέσχε
1224 1931 1319 1976 τοὺς
1350 1930 1432 1973 ὑπὸ
1463 1933 1547 1972 τῶν
1576 1928 1792 1983 πολεμίων

380 2012 818 2070 προκαταληφθέντας
839 2011 1006 2058 τόπους,
1030 2009 1425 2066 ἀποκεχωρηκότων
1446 2012 1530 2051 τῶν
1553 2008 1792 2064 βαρβάρων

381 2097 490 2140 κατὰ,
511 2097 588 2151 τὴν
609 2095 835 2148 συνήθειαν
856 2095 912 2139 εἰς
932 2094 1008 2147 τὴν
1029 2092 1171 2135 πόλιν.

1488 2150 1553 2191 (iii.
1575 2149 1646 2192 50.)

471 2256 560 2296 XL.
595 2255 661 2296 Οὗ
701 2253 947 2308 συμβάντος
978 2253 1049 2294 καὶ
1096 2256 1169 2304 τῆς
1210 2250 1363 2306 ἡμέρας
1412 2249 1713 2304 ἐπιγενομένης,
1756 2247 1795 2289 οἱ
