1980 3290
456 262 542 309 178
604 262 1016 309 MONUMENTA
1058 263 1406 310 HISTORICA
1449 263 1715 310 CELTIOA

1129 389 1138 402 Χ

452 389 582 442 λιμὴν
622 390 785 434 οὐδενὸς
825 393 907 431 τῶν
947 389 1058 431 κατὰ
1097 408 1169 431 τον
1208 389 1380 445 Ἀδρίαν
1419 392 1532 443 ἥττω
1581 390 1867 446 παρεχόμενος

453 468 696 522 ἀσφάλειαν
737 471 820 511 τοῖς
860 468 902 508 ἐν
941 468 1054 521 αὐτῷ
1094 467 1472 522 καθορμιζομένοις.
1546 470 1665 523 παρά
1699 486 1747 521 γε
1784 468 1867 521 μὴν

454 549 539 588 τοῖς
560 544 780 600 ἐγχωρίοις
803 544 822 586 ὁ
843 544 1033 597 ποταμὸς
1054 544 1416 600 προσαγορεύεται
1442 544 1663 598 Βόδεγκος.
1723 546 1867 587 τᾶλλα

455 622 497 663 δὲ
538 622 590 662 τὰ
630 622 725 677 περὶ
767 621 838 664 τὸν
878 622 1070 674 ποταμὸν
1109 626 1258 663 τοῦτον
1299 622 1575 677 ἱστορούμενα
1614 622 1733 678 παρὰ
1783 627 1867 667 τοῖς

444 699 652 750 ”Ελλησι,
675 699 786 752 λέγω
809 699 858 752 δὴ
881 699 934 740 τὰ
956 699 1051 755 περὶ
1074 700 1295 741 Φαέθοντα
1321 700 1391 740 καὶ
1413 700 1489 752 τὴν
1510 699 1667 741 ἐκείνου
1687 703 1866 747 πτῶσιν,

455 778 515 818 ἔτι
538 778 581 818 δὲ
612 777 665 817 τὰ
696 778 857 832 δάκρυα
889 780 971 819 τῶν
1001 776 1194 832 αἰγείρων
1223 778 1293 818 καὶ
1326 777 1420 821 τοὺς
1450 778 1751 830 μελανείμονας
1773 779 1868 822 τοὺς

453 855 549 910 περὶ
582 855 654 896 τὸν
684 855 876 907 ποταμὸν
906 855 1135 901 οἰκοῦντας,
1168 856 1237 899 οὕς
1267 859 1376 910 φασι
1412 855 1487 899 τὰς
1523 856 1704 907 ἐσθῆτας
1739 855 1869 897 εἰσέτι

454 937 525 974 νῦν
555 937 699 988 φορεῖν
729 933 926 977 τοιαύτας
957 932 1043 974 ἀπὸ
1077 937 1150 974 τοῦ
1181 933 1292 975 κατὰ
1321 933 1545 975 Φαέθοντα
1574 933 1764 980 πένθους,
1798 934 1868 975 καὶ

453 1015 601 1052 πᾶσαν
633 1011 681 1063 δὴ
713 1011 788 1063 τὴν
820 1011 1024 1066 τραγικὴν
1055 1010 1125 1052 καὶ
1162 1011 1294 1064 ταύτῃ
1329 1015 1629 1066 προσεοικυῖαν
1661 1012 1767 1062 ὕλην
1799 1012 1869 1052 ἐπὶ

453 1089 527 1141 μὲν
549 1093 621 1130 τοῦ
643 1088 852 1143 παρόντος
874 1088 1200 1143 ὑπερθησόμεθα
1223 1089 1290 1130 διὰ
1313 1088 1360 1129 τὸ
1390 1088 1447 1141 μὴ
1468 1088 1568 1130 λίαν
1590 1088 1791 1140 καθήκειν
1812 1092 1869 1142 τῷ

455 1171 527 1218 τῆς
548 1171 900 1221 προκατασκευῆς
920 1166 1029 1220 γένει
1061 1167 1137 1219 τὴν
1167 1167 1262 1222 περὶ
1294 1169 1377 1208 τῶν
1408 1167 1607 1208 τοιούτων
1637 1167 1868 1221 ἀκριβολο-

453 1244 563 1297 γίαν,
594 1244 912 1297 μεταλαβόντες
943 1244 986 1285 δὲ
1017 1244 1161 1299 καιρὸν
1192 1243 1457 1299 ἁρμόττοντα
1491 1243 1758 1296 ποιησόμεθα
1793 1244 1870 1296 τὴν

454 1322 727 1374 καθήκουσαν
747 1322 924 1374 μνήμην,
947 1323 1017 1363 καὶ
1037 1322 1234 1374 μάλιστα
1265 1321 1334 1363 διὰ
1357 1321 1431 1373 τὴν
1458 1323 1636 1374 Τιμαίου
1656 1322 1752 1376 περὶ
1775 1321 1870 1365 τοὺς

454 1400 776 1454 προειρημένους
797 1399 950 1444 τύπους
971 1399 1159 1452 ἄγνοιαν.

1579 1460 1630 1497 (ii.
1652 1458 1723 1498 16.)
1742 1475 1746 1478 -

542 1541 618 1580 Xl.
652 1539 777 1591 Πλὴν
818 1539 951 1580 ταῦτά
1000 1556 1048 1592 γε
1088 1538 1141 1579 τὰ
1188 1538 1314 1579 πεδία
1364 1538 1411 1579 τὸ
1450 1537 1638 1581 παλαιὸν
1678 1538 1870 1590 ἐνέμοντο

452 1617 683 1672 Τυρρηνοί,1
709 1617 803 1658 καθ’
817 1617 885 1660 οὓς
898 1615 1074 1671 χρόνους
1096 1616 1167 1657 καὶ
1189 1615 1243 1657 τὰ
1263 1616 1485 1671 Φλέγραιά
1505 1634 1609 1657 ποτε
1631 1615 1870 1667 καλούμενα

454 1694 507 1735 τὰ
546 1696 642 1749 περὶ
685 1694 866 1744 Καπύην
907 1694 978 1735 καὶ
1018 1693 1189 1744 Νώλην,
1230 1694 1256 1734 ἃ
1298 1694 1348 1745 δὴ
1389 1694 1460 1735 καὶ
1496 1693 1564 1735 διὰ
1603 1693 1650 1734 τὸ
1690 1697 1870 1737 πολλοῖς

453 1773 645 1823 ἐμποδὼν
677 1772 781 1813 εἶναι
817 1772 888 1813 καὶ
924 1771 1201 1826 γνωρίζεσθαι
1235 1771 1427 1824 μεγάλην
1467 1772 1532 1813 ἐπ’
1574 1771 1701 1825 ἀρετῇ
1743 1769 1870 1822 δόξαν

453 1852 639 1905 εἴληφεν.
702 1849 764 1890 διὸ
782 1850 852 1890 καὶ
874 1849 968 1893 τοὺς
993 1850 1266 1903 ἱστοροῦντας
1288 1849 1362 1893 τὰς
1378 1851 1601 1904 Τυρρηνῶν
1623 1846 1870 1891 δυναστείας

454 1929 501 1969 οὐ
536 1928 620 1982 χρὴ
656 1929 873 1969 ποιεῖσθαι
908 1926 984 1979 τὴν
1017 1926 1238 1981 ἀναφορὰν
1268 1927 1339 1968 ἐπὶ
1370 1926 1446 1977 τὴν
1477 1930 1548 1968 νῦν
1584 1924 1870 1980 κατεχομένην

457 2007 526 2047 ὑπ’
558 2007 696 2046 αὐτῶν
726 2005 885 2060 χώραν,
917 2004 1018 2044 ἀλλ’
1049 2005 1119 2045 ἐπὶ
1150 2004 1203 2044 τὰ
1233 2004 1513 2058 προειρημένα
1543 2003 1668 2045 πεδία
1698 2003 1769 2044 καὶ
1796 2002 1870 2046 τὰς

455 2085 500 2124 ἐκ
540 2082 699 2124 τούτων
732 2086 814 2124 τῶν
854 2081 996 2123 τόπων
1038 2081 1243 2136 ἀφορμάς.
1305 2082 1363 2125 οἶς
1403 2079 1717 2133 ἐπιμιγνύμενοι
1757 2079 1869 2121 κατὰ

455 2161 530 2212 τὴν
579 2161 818 2215 παράθεσιν
859 2158 1029 2205 Κελτοί,
1077 2159 1147 2200 καὶ
1188 2159 1284 2213 περὶ
1324 2158 1372 2199 τὸ
1414 2159 1576 2202 κάλλος
1616 2163 1689 2210 τῆς
1727 2157 1870 2213 χώρας

455 2239 842 2294 ὀφθαλμιοίσαντες,
884 2239 930 2278 ἐκ
977 2240 1127 2290 μικρᾶς
1176 2238 1431 2291 προφάσεως
1468 2237 1635 2289 μεγάλῃ
1685 2237 1870 2290 στρατιᾷ

612 2316 618 2327 Ι
746 2317 754 2329 Ί
884 2314 891 2326 Ι
1035 2315 1044 2328 9
1084 2314 1092 2327 Ι
1285 2314 1293 2327 5
1397 2318 1412 2326 Α
1559 2314 1567 2328 Χ
1644 2313 1652 2323 x
1784 2314 1794 2327 l

455 2316 704 2371 παραδοξως
736 2316 986 2358 επελθοντες
1027 2315 1237 2366 εξεβαλον
1277 2331 1323 2355 εκ
1363 2332 1436 2365 της
1475 2331 1571 2368 περι
1612 2332 1684 2354 τον
1724 2312 1870 2354 Παδον

454 2395 598 2450 χώρας
629 2392 865 2448 Τυρρηνοὺς
898 2392 970 2433 καὶ
1010 2391 1225 2446 κατέσχον
1257 2392 1378 2433 αὐτοὶ
1414 2391 1467 2432 τὰ
1505 2390 1642 2432 πεδία.
1704 2390 1757 2431 τὰ
1794 2390 1869 2442 μὲν

520 2504 527 2523 ¹
552 2504 622 2535 The
640 2504 729 2535 Cehs
753 2503 787 2534 of
812 2503 867 2533 the
893 2502 965 2532 first
989 2502 1091 2532 Celtic
1116 2502 1307 2541 migratiom
1326 2501 1436 2532 whom
1453 2512 1500 2532 we
1525 2501 1594 2531 find
1611 2501 1646 2531 in
1662 2500 1719 2531 the
1737 2500 1865 2530 British

452 2557 534 2587 Isl‹·s
552 2561 587 2587 at
604 2557 662 2586 the
678 2556 760 2585 timo
777 2555 810 2585 of
829 2554 955 2585 Homer
973 2555 1012 2591 (v.
1031 2563 1144 2592 supra,
1175 2564 1229 2593 pp.
1254 2554 1283 2589 2,
1302 2554 1346 2592 3),
1361 2563 1444 2583 were
1467 2552 1673 2583 established
1701 2552 1735 2582 in
1752 2551 1863 2582 North

453 2607 543 2648 Italy
567 2608 655 2637 circa
682 2607 764 2637 1000
793 2614 858 2636 Rc.
904 2605 999 2644 They
1021 2614 1102 2634 were
1131 2604 1320 2643 conquered
1345 2603 1390 2644 by
1408 2603 1463 2633 the
1490 2603 1674 2633 Etrusvans
1697 2603 1785 2633 cirea
1802 2603 1865 2634 700

456 2667 534 2694 B.C.,
553 2658 626 2688 who
645 2658 677 2687 in
697 2660 774 2686 turn
792 2665 876 2686 were
893 2654 1081 2694 conquered
1100 2654 1144 2694 by
1164 2654 1219 2684 the
1238 2653 1326 2684 Celts
1351 2653 1384 2684 of
1408 2654 1464 2683 the
1481 2653 1603 2683 second
1621 2653 1723 2684 Celtic
1741 2653 1860 2692 migra-

454 2708 536 2743 tion,
555 2709 640 2737 circa
657 2708 720 2737 400
738 2715 801 2736 Rc.
857 2705 934 2737 Vide
958 2703 1126 2734 Bertrand
1143 2706 1177 2734 et
1206 2703 1368 2740 Reiuaoh,
1387 2703 1447 2734 Les
1472 2703 1572 2734 Gelbes
1588 2703 1671 2733 dans
1688 2702 1732 2733 les
1748 2701 1862 2733 vallc'es

454 2760 496 2789 (Iu
515 2759 561 2789 Po
579 2762 605 2788 et
621 2758 665 2788 du
683 2757 829 2788 Danube..
