1980 3290
432 270 518 316 172
581 271 992 318 MONUMENTA
1035 272 1382 319 HISTORICA
1426 272 1690 320 CELTICA

428 397 647 440 τείνουσαν
668 398 792 454 ὁρίζει
823 399 933 440 κατὰ
960 399 1007 440 τὸ
1039 400 1212 455 συνεχὲς
1235 402 1258 452 ἡ
1290 403 1373 441 τῶν
1392 401 1592 441 ’Άλπεων
1614 400 1840 455 παρώρεια,

427 478 717 528 λαμβάνουσα
748 477 824 529 τὴν
852 477 927 530 μὲν
957 477 1096 532 ἀρχὴν
1127 477 1212 518 ἀπὸ
1247 476 1513 522 Μασσαλίας
1538 478 1608 519 καὶ
1635 481 1717 520 τῶν
1739 479 1843 533 ὑπὲρ

428 559 475 600 τὸ
507 558 702 614 Σαρδῷον
732 560 920 613 πέλαγος
951 559 1105 606 τόπων,
1137 560 1392 614 παρήκουσα
1423 559 1465 600 δὲ
1496 563 1685 615 συνεχῶς
1714 560 1842 616 μέχρι

427 638 531 692 πρὸς
567 638 639 679 τὸν
671 641 745 679 τοῦ
776 638 935 682 παντὸς
955 637 1126 693 Ἀδρίου
1154 637 1303 693 μυχόν,
1327 637 1443 690 πλὴν
1469 638 1658 693 βραχέος
1691 638 1711 679 ὃ
1739 656 1841 694 προ-

429 716 737 769 καταλήγουσα
770 715 909 757 λείπει
941 720 1013 757 τοῦ
1029 715 1086 768 μὴ
1109 717 1341 757 συνάπτειν
1362 716 1488 770 αὐτῷ.
1549 715 1666 770 παρὰ
1698 716 1740 757 δὲ
1768 716 1844 768 τὴν

428 794 732 849 προειρημένην
771 794 1023 849 παρώρειαν,
1065 795 1115 846 ἣν
1156 793 1216 835 δεῖ
1255 798 1361 835 νοεῖν
1401 793 1552 835 ὡσανεὶ
1592 795 1728 843 βάσιν
1768 798 1842 836 τοῦ

430 872 645 927 τριγώνου,
682 872 800 926 παρὰ
836 872 994 923 ταύτην
1029 871 1114 913 ἀπὸ
1149 870 1417 926 μεσημβρίας
1458 871 1677 913 ὑπόκειται
1717 871 1842 913 πεδία

430 955 502 1002 τῆς
523 952 753 1003 συμπάσης
775 950 961 994 Ἰταλίας
982 954 1204 991 τελευταῖα
1224 949 1328 1004 πρὸς
1350 949 1424 994 τὰς
1445 949 1636 1004 ἄρκτους,
1661 950 1765 1004 ὑπὲρ
1788 951 1843 991 ὧν

431 1027 451 1070 ὁ
474 1032 545 1070 νῦν
567 1028 615 1080 δὴ
636 1028 776 1081 λόγος,
800 1029 926 1083 ἀρετῇ
948 1029 1018 1069 καὶ
1048 1027 1213 1080 μεγέθει
1246 1027 1498 1082 διαφέροντα
1529 1030 1611 1068 τῶν
1633 1027 1743 1068 κατὰ
1765 1027 1842 1079 τὴν

430 1106 650 1161 Εὐρώπην,
684 1107 766 1147 ὅσα
787 1106 1010 1147 πέπτωκεν
1042 1105 1123 1147 ὑπὸ
1155 1105 1230 1157 τὴν
1256 1105 1459 1160 ἡμετέραν
1482 1104 1686 1159 ἱστορίαν.
1749 1105 1843 1146 ἔστι

429 1184 472 1225 δὲ
494 1184 540 1225 τὸ
560 1184 634 1236 μὲν
655 1185 754 1225 ὅλον
785 1184 890 1228 εἶδος
922 1184 992 1225 καὶ
1024 1187 1096 1235 τῆς
1117 1187 1252 1224 ταῦτα
1281 1182 1334 1224 τὰ
1355 1182 1480 1224 πεδία
1500 1182 1846 1237 περιγραφούσης

428 1266 622 1316 γραμμῆς
662 1262 956 1316 τριγωνοειδές,
1010 1261 1159 1302 τούτου
1199 1261 1241 1302 δὲ
1281 1264 1354 1302 τοῦ
1394 1261 1617 1315 σχήματος
1658 1260 1732 1311 τὴν
1770 1260 1846 1313 μὲν

430 1340 617 1395 κορυφὴν
650 1342 675 1392 ἤ
711 1358 755 1381 τε
790 1343 873 1381 τῶν
908 1338 1162 1380 Ἀπεννίνων
1198 1337 1467 1391 καλουμένων
1508 1338 1613 1392 ὀρῶν
1653 1338 1722 1379 καὶ
1763 1341 1847 1380 τῶν

428 1418 665 1459 Ἀλπεινῶν
686 1418 938 1470 σύμπτωσις
959 1418 1006 1458 οὐ
1026 1416 1188 1471 μακρὸν
1205 1415 1291 1457 ἀπὸ
1313 1420 1386 1457 τοῦ
1408 1414 1610 1470 Σαρδῴου
1631 1417 1846 1468 πελάγους

430 1496 534 1550 ὑπὲρ
565 1494 834 1540 Μασσαλίας
865 1496 1076 1541 ἀποτελεῖ,
1110 1497 1192 1536 τῶν
1223 1494 1266 1535 δὲ
1295 1496 1492 1548 πλευρῶν
1522 1493 1640 1547 παρὰ
1669 1493 1744 1546 μὲν
1771 1492 1854 1543 τὴν

430 1573 515 1615 ἀπὸ
537 1576 619 1614 τῶν
640 1573 817 1628 ἄρκτων,
843 1575 895 1617 ὡς
916 1574 1056 1615 ἐπάνω
1084 1576 1300 1627 προεῖπον,
1324 1571 1399 1616 τὰς
1414 1572 1594 1615 ’Άλπεις
1625 1571 1755 1615 αὐτὰς
1776 1572 1845 1612 ἐπὶ

430 1651 669 1707 δισχιλίους
710 1651 779 1692 καὶ
821 1651 1061 1695 διακοσίους
1110 1649 1308 1694 σταδίους
1357 1649 1563 1704 παρήκειν
1603 1648 1844 1701 συμβαίνει,

429 1729 548 1784 παρὰ
569 1730 612 1770 δὲ
633 1729 707 1780 τὴν
728 1729 814 1771 ἀπὸ
834 1728 1104 1784 μεσημβρίας
1121 1728 1193 1770 τὸν
1224 1729 1466 1769 Ἀπεννῖνον
1487 1727 1555 1768 ἐπὶ
1579 1726 1847 1782 τρισχιλίους

429 1807 688 1859 ἑξακοσίους.
745 1807 918 1857 βάσεώς
956 1825 1004 1860 γε
1042 1807 1123 1859 μὴν
1164 1807 1284 1858 τάξιν
1321 1806 1537 1857 λαμβάνει
1577 1808 1650 1845 τοῦ
1689 1804 1848 1848 παντὸς

430 1885 652 1940 σχήματος
683 1887 706 1937 ἡ
737 1884 933 1939 παραλία
963 1888 1037 1925 τοῦ
1068 1883 1179 1925 κατὰ
1209 1883 1281 1925 τὸν
1303 1882 1477 1937 Ἀδρίαν
1504 1881 1682 1923 κόλπου·
1726 1881 1772 1923 τὸ
1804 1882 1847 1923 δὲ

429 1963 604 2015 μέγεθος
635 1967 710 2014 τῆς
739 1962 913 2013 βάσεώς
944 1963 1072 2009 ἐστιν,
1107 1961 1192 2003 ἀπὸ
1213 1960 1377 2005 πόλεως
1408 1958 1542 2012 Σήνης
1574 1960 1647 2003 ἕως
1670 1960 1738 2001 ἐπὶ
1770 1959 1843 2001 τὸν

429 2040 579 2095 μυχόν,
623 2041 726 2095 ὑπὲρ
768 2041 863 2084 τοὺς
903 2039 1143 2095 δισχιλίους
1178 2038 1378 2083 σταδίους
1418 2038 1488 2079 καὶ
1528 2036 1844 2084 πεντακοσίους,

431 2118 542 2159 ὥστε
577 2117 653 2169 τὴν
687 2122 835 2160 πᾶσαν
866 2117 1116 2173 περίμετρον
1147 2120 1229 2158 τῶν
1258 2115 1568 2171 προειρημένων
1602 2114 1758 2156 πεδίων
1788 2115 1845 2168 μὴ

430 2196 545 2238 πολὺ
564 2195 727 2237 λείπειν
749 2199 831 2237 τῶν
851 2195 1009 2251 μυρίων
1030 2195 1227 2236 σταδίων.
1542 2195 1593 2236 (ii.
1616 2195 1685 2236 H.)

520 2288 596 2327 IX.
630 2286 738 2341 Περί
756 2304 803 2339 γε
822 2286 905 2339 μὴν
926 2291 998 2338 τῆς
1020 2288 1168 2341 ἀρετῆς
1190 2285 1275 2326 οὐδ’
1292 2285 1423 2326 εἰπεῖν
1442 2285 1599 2341 ῥᾴδιον,
1660 2284 1783 2326 σίτου
1804 2301 1848 2325 τε

430 2364 512 2418 γὰρ
553 2364 763 2415 τοσαύτην
813 2364 1020 2420 ἀφθονίαν
1069 2365 1278 2419 ὑπάρχειν
1326 2362 1554 2415 συμβαίνει
1603 2362 1713 2404 κατὰ
1753 2362 1848 2405 τοὺς*

432 2442 587 2485 τόπους
617 2442 720 2483 ὥστ’
751 2443 792 2484 ἐν
823 2446 907 2485 τοῖς
938 2443 1033 2483 καθ’
1064 2443 1170 2495 ἡμᾶς
1201 2445 1360 2496 καιροῖς
1389 2443 1604 2485 πολλάκις
1636 2441 1847 2494 τεττάρων

431 2519 601 2569 ὀβολῶν
633 2519 736 2560 εἶναι
777 2523 860 2561 τῶν
899 2523 1043 2575 πυρῶν
1082 2519 1153 2561 τὸν
1188 2516 1410 2562 Σικελικὸν
1443 2518 1650 2570 μέδιμνον,
1688 2520 1771 2558 τῶν
1804 2516 1846 2557 δὲ

432 2597 588 2650 κριθῶν
610 2596 729 2642 δυεῖν,
753 2601 826 2638 τοῦ
848 2597 883 2637 δ’
914 2597 1026 2638 οἴνου
1047 2595 1118 2638 τὸν
1147 2595 1356 2650 μετρητὴν
1386 2594 1632 2650 ι’σόκριθον.1
1690 2594 1846 2646 ἐλύμου

538 2673 545 2686 Ὺ
659 2674 669 2689 Χ
729 2673 738 2689 Ι
992 2674 1002 2689 Ι
1096 2675 1105 2687 Γ
1245 2675 1256 2688 Ι
1562 2671 1571 2686 Ι
1722 2671 1732 2685 Ι

430 2691 478 2726 γε
498 2691 579 2725 μην
601 2691 672 2714 και
693 2691 876 2729 κεγχρου
907 2680 1058 2717 τελεως
1089 2675 1430 2728 υπερβαλλουσα
1458 2673 1667 2728 δαψίλεια
1686 2688 1846 2724 γινεται

432 2753 535 2805 παρ’
566 2751 719 2795 αὐτοῖς·
762 2751 809 2793 τὸ
845 2751 887 2793 δὲ
919 2755 1002 2794 τῶν
1034 2753 1242 2802 βαλάνων
1275 2751 1442 2803 πλῆθος
1476 2749 1523 2791 τὸ
1554 2748 1769 2803 γινόμενον
1801 2749 1846 2789 ἐκ
