1980 3290
378 287 467 335 232
528 285 939 335 MONUMENTA
980 285 1327 332 HISTORICA
1369 283 1634 331 CELTIOA

465 420 670 461 XXXIV.
702 419 814 462 Ἀπὸ
855 419 898 461 δὲ
938 422 1011 460 τοῦ
1042 418 1279 474 Νάρβωνος
1310 418 1379 460 καὶ
1410 417 1464 458 τὰ
1503 418 1598 472 περὶ
1638 420 1786 459 τοῦτον

379 498 537 539 Κελτοὶ
569 497 763 551 νέμονται
794 497 920 553 μέχρι
956 499 1039 538 τῶν
1070 496 1496 552 προσαγορευομένων
1536 495 1787 551 Πυρηναίων

378 575 497 630 ὀρῶν,
539 575 565 616 ἃ
607 575 799 618 διατείνει
839 575 949 617 κατὰ
990 575 1038 616 τὸ
1079 574 1255 630 συνεχὲς
1295 574 1380 616 ἀπὸ
1430 578 1503 627 τῆς
1544 575 1638 616 καθ’
1679 575 1788 627 ἡμᾶς

379 653 596 704 θαλάττης
617 654 691 698 ἕως
712 653 768 698 εἰς
789 652 866 705 τὴν
887 652 1017 697 ἐκτός.

1485 710 1549 752 (iii.
1571 709 1641 754 37.)

465 800 646 841 XXXV.
682 799 969 855 Καρχηδόνιοι
990 799 1071 854 γὰρ
1093 800 1135 841 ἐν
1157 798 1316 842 τούτοις
1338 802 1421 843 τοῖς
1443 802 1601 853 καιροῖς
1622 801 1695 850 τῆς
1715 796 1789 850 μὲν

378 876 542 929 Λιβύης
563 876 773 933 ἐκυρίευον
793 878 966 920 πάντων
998 880 1080 919 τῶν
1102 877 1171 918 ἐπὶ
1203 876 1278 929 τὴν
1300 876 1382 918 ἔσω
1413 877 1632 918 θάλατταν
1654 874 1788 917 νευόν-

379 972 462 996 των
485 958 632 1010 μερῶν,
665 955 752 997 ἀπὸ
781 959 864 998 τῶν
893 955 1102 998 Φιλαίνου
1131 957 1301 1009 βωμῶν,
1327 955 1367 996 οἳ
1396 959 1551 997 κεῖνται
1574 953 1684 996 κατὰ
1714 952 1790 1005 τὴν

376 1033 569 1086 μεγάλην
599 1031 765 1089 Σύρτιν,
798 1034 872 1079 ἕως
903 1035 966 1090 ἐφ’
997 1033 1260 1090 (Ηρακλέους
1291 1033 1468 1085 στήλας·
1511 1036 1635 1074 τοῦτο
1667 1031 1710 1073 δὲ
1741 1030 1789 1072 τὸ

376 1110 508 1164 μῆκός
547 1113 639 1153 ἐστι
689 1116 761 1164 τῆς
810 1111 1026 1168 παραλίας
1078 1112 1181 1167 ὑπὲρ
1223 1111 1318 1156 τοὺς
1359 1110 1678 1167 ἑξακισχιλίους
1719 1109 1789 1150 καὶ

376 1189 548 1246 μυρίους
597 1190 809 1236 σταδίους.
889 1191 1115 1242 διαβάντες
1165 1190 1207 1232 δὲ
1257 1190 1329 1232 τὸν
1379 1191 1473 1232 καθ’
1513 1187 1790 1244 (Ηρακλείους

316 1271 329 1281 “
379 1268 543 1321 στήλας
592 1268 724 1325 πόρον
774 1268 923 1322 ὁμοίως
972 1268 1327 1324 ἐκεκρατήκεισαν
1367 1268 1438 1310 καὶ
1479 1271 1551 1320 τῆς
1600 1265 1791 1322 Ἰβηρίας

378 1347 550 1399 ἁπάσης
582 1348 656 1392 ἕως
692 1351 764 1400 τῆς
798 1346 965 1403 ῥαχίας,
990 1347 1010 1388 ὃ
1045 1347 1176 1402 πέρας
1209 1347 1300 1388 ἐστὶ
1336 1346 1442 1402 πρὸς
1474 1349 1524 1400 τῇ
1557 1346 1651 1387 καθ’
1684 1345 1791 1396 ἡμᾶς

379 1426 574 1480 θαλάττῃ
597 1428 679 1467 τῶν
710 1424 963 1478 Πυρηναίων
994 1425 1111 1481 ὀρῶν,
1145 1425 1171 1466 ἃ
1203 1425 1369 1481 διορίζει
1401 1424 1496 1469 τοὺς
1511 1425 1690 1479 Ἴβηρας
1721 1421 1791 1463 καὶ

381 1503 583 1549 Κελτούς.

1489 1563 1552 1603 (iii.
1574 1560 1644 1602 39.)

466 1656 670 1697 XXXVI.
703 1655 904 1707 Ἀννίβας
937 1656 1012 1709 μὲν
1053 1656 1125 1698 οὖν
1165 1655 1362 1712 ἐνεχείρει
1403 1660 1494 1701 ταῖς
1545 1656 1790 1706 διεκβολαῖς

380 1735 463 1774 τῶν
494 1733 746 1789 Πυρηναίων
776 1734 894 1790 ὀρῶν,
924 1734 1174 1790 κατάφοβος
1205 1734 1260 1776 ὢν
1282 1735 1376 1780 τοὺς
1408 1734 1596 1779 Κελτοὺς
1627 1733 1696 1775 διὰ
1716 1732 1791 1776 τὰς

381 1810 643 1866 ὀχυρότητας
684 1816 767 1855 τῶν
808 1812 962 1855 τόπων·
1023 1812 1221 1865 Ῥωμαῖοι
1271 1813 1314 1854 δὲ
1354 1813 1463 1855 κατὰ
1498 1812 1593 1857 τοὺς
1639 1810 1791 1854 αὐτοὺς

381 1890 549 1944 καιροὺς
581 1889 880 1936 διακούσαντες
909 1891 984 1944 μὲν
1014 1893 1096 1932 τῶν
1127 1891 1508 1944 ἐξαποσταλέντων
1538 1892 1593 1936 εἰς
1615 1893 1789 1945 Καρχη-

382 1966 482 2009 δόνα
517 1970 795 2023 πρεσβευτῶν
826 1969 879 2010 τὰ
911 1968 1138 2022 δεδογμένα
1169 1969 1239 2010 καὶ
1269 1967 1365 2012 τοὺς
1394 1966 1596 2022 ῥηθέντας
1623 1965 1790 2019 λόγους,

382 2045 706 2100 προσπεσόντος
738 2047 780 2089 δὲ
812 2047 967 2088 θᾶττον
998 2047 1023 2099 ἢ
1054 2045 1327 2101 προσεδόκων
1357 2044 1563 2096 Ἀννίβαν
1585 2044 1789 2095 διαβεβη-

383 2122 497 2165 κέναι
519 2123 590 2165 τὸν
606 2124 762 2180 Ἴβηρα
783 2124 974 2179 ποταμὸν
993 2124 1099 2178 μετὰ
1113 2128 1185 2176 τῆς
1199 2124 1421 2176 δυνάμεως,
1439 2121 1791 2179 προεχειρίσαντο

382 2200 563 2254 πέμπειν
602 2203 709 2255 μετὰ
749 2203 1050 2259 στρατοπέδων
1090 2202 1288 2244 Πόπλιον
1327 2202 1402 2255 μὲν
1452 2201 1687 2257 Κορνήλιον
1736 2199 1791 2245 εἰς

382 2278 587 2335 Ἰβηρίαν,
623 2280 823 2336 Τεβέριον
857 2281 898 2323 δὲ
934 2279 1205 2337 Σεμπρώνιον
1238 2280 1293 2325 εἰς
1328 2279 1509 2332 Λιβύην.
1570 2280 1612 2321 ἐν
1636 2279 1721 2333 ὅσῳ
1756 2277 1789 2319 δ’

381 2357 496 2399 οὗτοι
527 2359 622 2414 περὶ
652 2358 726 2403 τὰς
757 2359 1035 2415 καταγραφὰς
1063 2358 1248 2412 ἐγίνοντο
1280 2361 1363 2400 τῶν
1393 2357 1693 2414 στρατοπέδων
1720 2356 1789 2398 καὶ

381 2435 457 2488 τὴν
478 2435 619 2487 ἄλλην
640 2438 928 2493 παρασκευήν,
951 2438 1166 2479 ἔσπευσαν
1188 2437 1257 2478 ἐπὶ
1275 2436 1395 2482 τέλος
1412 2438 1586 2490 ἀγαγεῖν
1607 2435 1662 2477 τὰ
1681 2434 1790 2477 κατὰ

381 2513 456 2558 τὰς
477 2513 675 2559 ἀποικίας
694 2515 735 2556 οἳ
755 2515 804 2567 δὴ
825 2515 1030 2571 πρότερον
1051 2517 1162 2568 ἦσαν
1183 2514 1239 2558 εἰς
1267 2514 1485 2556 Γαλατίαν
1505 2512 1791 2556 ἀποστέλλειν

366 2589 786 2645 ,προκεχειρισμένοω
860 2590 934 2635 τὰς
963 2591 1038 2644 μὲν
1064 2592 1136 2633 οὖν
1175 2590 1323 2634 πόλεις
1362 2591 1536 2646 ἐνεργῶς
1575 2588 1788 2644 ἐτείχιζον,

379 2667 475 2711 τοὺς
533 2667 568 2708 δ’
627 2668 848 2724 οἰκήτορας
907 2670 949 2710 ἐν
999 2668 1169 2724 ἡμέραις
1218 2669 1446 2725 τριάκοντα
1495 2667 1790 2724 παρήγγειλαν
