1980 3290
386 296 474 343 270
544 294 955 342 MONUMENTA
991 295 1338 341 HISTORIOA
1376 294 1640 341 OELTIOA

386 424 471 466 ἀπὸ
502 427 585 465 τῶν
615 423 800 478 κεράτων
831 422 992 478 ταχέως
1023 422 1308 466 κυκλωθέντες
1340 422 1421 464 ὑπὸ
1443 425 1525 464 τῶν
1557 422 1799 477 πριγκίπων
1855 439 1859 442 ’

389 499 459 540 καὶ
509 497 705 552 τριαρίων
754 499 883 538 αὐτοῦ
932 496 1232 547 κατεκόπησαν
1281 496 1435 540 πάντες
1484 497 1600 549 πλὴν
1648 496 1799 541 τελέως

388 576 556 629 ὀλίγων.
609 575 648 616 οἱ
666 574 740 627 μὲν
762 576 832 615 οὖν
848 573 1112 629 Κελτίβηρες
1134 578 1282 615 τοῦτον
1298 573 1370 615 τὸν
1383 573 1541 629 τρόπον
1561 574 1797 621 ἀπώλοντο,

388 651 578 705 μεγάλην
608 649 929 705 παρασχόμενοι
963 648 1110 704 χρείαν
1142 653 1227 693 τοῖς
1261 649 1566 704 Καρχηδονίοις
1598 651 1644 691 οὐ
1676 648 1801 702 μόνον

389 727 488 781 παρ’
510 726 613 776 ὅλην
634 726 709 778 τὴν
729 724 873 779 μάχην
894 724 1010 764 ἀλλὰ
1042 724 1111 765 καὶ
1144 724 1252 765 κατὰ
1275 724 1349 776 τὴν
1379 724 1527 779 φυγήν.
1588 724 1623 765 εἰ
1641 724 1699 778 μή
1719 724 1801 779 γὰρ

391 805 500 846 τοῦτ’
523 802 720 856 ἐμπόδιον
740 802 899 855 ἐγένετο
931 806 1014 845 τοῖς
1046 802 1277 855 Ῥωμαίοις,
1311 802 1409 842 ἀλλ’
1439 801 1588 846 εὐθέως
1609 803 1654 843 ἐκ
1675 801 1802 846 ποδὸς

392 881 688 935 ἠκολούθησαν
719 884 803 924 τοῖς
834 879 1070 935 φεύγουσιν,
1103 882 1323 923 παντελῶς
1358 879 1409 920 ἂν
1441 879 1576 932 ὀλίγοι
1609 878 1804 934 διέφυγον

393 964 476 1002 τῶν
499 958 766 1001 ὑπεναντίων.

1450 1016 1536 1057 (xiv.
1560 1018 1588 1058 7,
1610 1018 1657 1056 ὅ.)

482 1123 643 1162 LXIII.
679 1121 810 1162 Οὗτοι
832 1120 874 1161 δὲ
905 1120 1253 1175 παρεγενήθησαν
1273 1120 1327 1163 εἷς
1353 1119 1427 1172 τὴν
1448 1120 1608 1172 Ῥώμην
1628 1119 1710 1174 πρὸ
1733 1123 1806 1160 τοῦ

394 1199 468 1251 τὴν
498 1198 741 1251 σύγκλητον
772 1198 996 1248 διαλαβεῖν
1028 1197 1132 1253 ὑπὲρ
1164 1201 1246 1238 τῶν
1276 1198 1332 1241 εἷς
1363 1201 1510 1238 τοῦτον
1530 1196 1601 1238 τὸν
1622 1195 1809 1238 ἐνιαυτὸν

394 1276 716 1330 καθεσταμένων
739 1277 921 1323 ὑπάτων,
945 1275 1122 1331 πότερον
1143 1275 1403 1330 ἀμφοτέρους
1425 1275 1481 1320 εἷς
1502 1275 1577 1328 τὴν
1591 1274 1808 1316 Γαλατίαν

394 1355 419 1407 ἢ
441 1354 512 1396 τὸν
533 1355 671 1409 ἕτερον
695 1356 834 1396 αὐτῶν
859 1353 996 1406 δεήσει
1026 1353 1207 1407 πέμπειν
1237 1354 1306 1395 ἐπὶ
1338 1353 1571 1394 Φίλιππον.
1633 1371 1806 1395 πεπεισ-

393 1432 526 1486 μένων
558 1432 599 1473 δὲ
633 1435 715 1474 τῶν
746 1436 819 1473 τοῦ
850 1431 976 1473 Τίτου
1007 1431 1145 1486 φίλων
1175 1431 1309 1484 μένειν
1340 1431 1434 1475 τοὺς
1462 1432 1648 1475 ὑπάτους
1672 1432 1806 1485 ἀμφο-

396 1508 537 1561 τέρους
569 1506 678 1547 κατὰ
709 1506 784 1558 τὴν
812 1505 1002 1547 Ἰταλίαν
1027 1505 1095 1546 διὰ
1126 1505 1197 1547 τὸν
1221 1505 1306 1547 ἀπὸ
1338 1508 1420 1546 τῶν
1452 1508 1627 1546 Κελτῶν
1657 1503 1806 1560 φόβον,

396 1585 655 1628 εἷσελθοντες
677 1584 731 1628 εἰς
753 1583 828 1636 την
858 1583 1101 1636 σύγκλητον
1123 1584 1278 1627 πάντες
1304 1582 1566 1637 κατηγόρουν
1586 1581 1810 1635 ἀποτόμως

396 1667 469 1704 τοῦ
490 1662 726 1704 Φιλίππου.
762 1694 769 1702 .
805 1694 812 1702 .
847 1695 853 1703 .
884 1664 907 1714 ἡ
930 1662 971 1703 δὲ
993 1661 1233 1714 σύγκλητος
1255 1661 1350 1705 τοὺς
1370 1661 1445 1714 μὲν
1466 1661 1653 1705 ὑπάτους
1674 1661 1807 1715 ἀμφο-

396 1740 537 1795 τέρους
558 1740 613 1784 εἰς
636 1739 853 1781 Γαλατίαν
874 1739 1162 1793 ἐξαπέστειλε,
1187 1739 1381 1794 καθάπερ
1403 1740 1545 1781 ἐπάνω
1567 1742 1764 1793 προεῖπα.

1379 1819 1492 1860 (xviii.
1516 1823 1570 1862 11,
1596 1819 1661 1860 12.)

486 1915 640 1954 LXIV.
677 1914 869 1966 Νικήσας
903 1913 985 1969 γὰρ
1016 1915 1137 1968 μάχῃ
1170 1913 1378 1960 Γαλάτας,
1411 1913 1431 1954 ὃ
1462 1913 1707 1967 βαρύτατον
1739 1913 1808 1954 καὶ

396 1991 700 2046 μαχιμώτατον
721 1993 835 2035 ἔθνος
867 1994 916 2045 ἣν
946 1991 1040 2033 τότε
1071 1991 1180 2033 κατὰ
1212 1991 1286 2044 τὴν
1305 1991 1468 2038 Ἀσίαν,
1493 1991 1650 2042 ταύτην
1674 1991 1811 2046 ἀρχὴν

397 2069 628 2121 ἐποιήσατο
650 2070 719 2111 καὶ
742 2069 835 2111 τότε
857 2073 1026 2125 πρῶτον
1047 2069 1174 2111 αὑτὸν
1196 2069 1322 2121 ἔδειξε
1341 2068 1545 2119 βασιλέα.

1456 2145 1572 2187 (xviii.
1593 2146 1663 2187 421.)

488 2256 618 2294 LXV.
652 2250 920 2303 Ἐξελθόντες
959 2250 1033 2303 μὲν
1082 2249 1245 2290 Γάλλοι
1285 2248 1356 2289 δύο
1400 2247 1506 2300 μετὰ
1547 2248 1690 2289 τύπων
1739 2247 1810 2288 καὶ

399 2329 713 2384 προστηθιδίων
753 2327 913 2370 ἐδέοντο
952 2327 1080 2379 μηδὲν
1121 2326 1354 2378 ἀνήκεστον
1391 2323 1681 2375 βουλεύεσθαι
1713 2323 1809 2378 περὶ

401 2413 473 2460 τῆς
495 2407 670 2452 πόλεως.

1511 2460 1597 2501 (xxi.
1619 2460 1664 2501 6.)
