1980 3290
412 240 500 288 208
561 240 976 289 MONUMENTA
1003 241 1352 290 HISTORICA
1381 242 1646 292 CELTIOA

411 370 481 411 καὶ
514 368 589 421 τὴν
620 369 693 410 ἀπ’
733 370 856 424 οὐρᾶς
892 369 962 411 καὶ
997 368 1072 421 τὴν
1108 369 1217 411 κατὰ
1251 369 1496 425 πρόσωπον·
1539 372 1607 416 οὓς
1636 373 1711 427 μὲν
1741 373 1823 430 γὰρ

410 447 566 503 ᾔδεσαν
593 445 816 500 ἑπομένους
837 448 988 494 αὑτοῖς,
1013 448 1080 492 οὓς
1113 447 1155 489 δὲ
1183 447 1292 489 κατὰ
1322 447 1370 489 τὸ
1393 448 1532 503 στόμα
1553 450 1823 506 προσεδόκων

409 526 681 578 ἀπαντήσειν,
706 525 751 566 ἔκ
772 543 817 567 τε
837 528 919 566 τῶν
948 526 1388 581 προσαγγελλομένων
1419 527 1730 583 τεκμαιρόμενοι
1751 530 1822 572 καὶ

407 608 490 647 τῶν
511 605 603 647 κατ’
625 603 752 646 αὐτὸν
774 603 846 644 τὸν
868 603 1012 659 καιρὸν
1034 603 1370 657 συμβαινόντων.

1532 664 1582 705 (ii.
1604 664 1674 706 27.)

493 760 637 800 XXII.
673 759 730 801 Οἱ
751 759 793 800 δὲ
814 758 908 814 περὶ
931 758 1003 800 τὸν
1020 758 1218 812 Αἰμίλιον
1239 759 1463 809 ἀκηκοότες
1477 759 1551 812 μὲν
1576 759 1648 802 τὸν
1670 761 1725 806 εἰς
1747 761 1821 806 τὰς

406 834 547 879 Πίσας
568 836 817 877 κατάπλουν
848 838 930 876 τῶν
953 834 1264 890 στρατοπέδων,
1288 835 1404 877 οὔπω
1433 835 1476 876 δὲ
1505 835 1820 891 προσδοκῶντες

405 913 512 955 αὐτὰ
534 913 802 967 συνεγγίζειν,
827 912 922 955 τότε
948 916 1095 968 σαφῶς
1123 914 1168 954 ἐκ
1196 917 1268 954 τοῦ
1290 913 1385 969 περὶ
1406 913 1478 955 τὸν
1498 913 1634 970 λόφον
1660 915 1819 968 ἀγῶνος

405 992 595 1045 ἔγνωσαν
637 991 741 1034 διότι
781 990 931 1035 τελέως
976 991 1099 1045 ἐγγὺς
1139 990 1243 1033 εἶναι
1284 991 1513 1045 συμβαίνει
1553 992 1627 1037 τὰς
1667 993 1819 1038 οἰκείας

402 1071 539 1111 αὐτῶν
562 1069 765 1122 δυνάμεις·
808 1069 870 1111 διὸ
903 1069 974 1111 καὶ
1002 1069 1096 1114 τοὺς
1119 1069 1193 1123 μὲν
1216 1070 1359 1114 ἱππεῖς
1387 1070 1631 1126 παραυτίκα
1658 1071 1816 1124 βοηθή-

402 1166 554 1192 σοντας
576 1147 891 1201 ἐξαπέστελλον
913 1151 997 1192 τοῖς
1018 1149 1059 1189 ἐν
1081 1150 1139 1203 τῷ
1160 1147 1282 1203 λόφῳ
1311 1147 1675 1202 διαγωνιζομένοις,
1700 1149 1817 1191 αὐτοὶ

402 1227 445 1269 δὲ
472 1227 581 1269 κατὰ
608 1226 682 1270 τὰς
709 1225 945 1279 εἰθισμένας
980 1227 1117 1279 τάξεις
1150 1226 1508 1279 διακοσμήσαντες
1540 1227 1634 1271 τοὺς
1669 1227 1817 1279 πεζοὺς

401 1310 588 1362 προῆγον
609 1306 677 1347 ἐπὶ
699 1305 793 1349 τοὺς
816 1304 1096 1349 ὑπεναντίους.
1157 1305 1195 1346 οἱ
1217 1304 1259 1345 δὲ
1281 1305 1437 1346 Κελτοὶ
1459 1304 1553 1349 τοὺς
1572 1305 1646 1358 μὲν
1667 1307 1713 1347 ἐκ
1734 1308 1816 1347 τῶν

395 1386 595 1426 ”Αλπεων
616 1385 852 1427 Γαισάτους
883 1382 1319 1438 προσαγορευομένους
1347 1382 1499 1435 ἔταξαν
1520 1383 1625 1439 πρὸς
1646 1383 1721 1436 τὴν
1742 1384 1815 1425 ἀπ’

400 1465 524 1519 οὐρᾶς
545 1463 803 1517 ἐπιφάνειαν,
827 1461 852 1516 ᾗ
874 1460 1143 1516 προσεδόκων
1165 1461 1259 1504 τοὺς
1289 1461 1384 1516 περὶ
1412 1460 1484 1502 τὸν
1512 1461 1722 1514 Αἰμίλιον,
1746 1463 1815 1504 ἐπὶ

401 1542 442 1583 δὲ
471 1541 630 1584 τούτοις
663 1540 757 1584 τοὺς
783 1541 1055 1595 Ἴνσομβρας·
1097 1539 1202 1595 πρὸς
1237 1539 1279 1581 δὲ
1322 1538 1398 1590 τὴν
1434 1539 1542 1580 κατὰ
1582 1539 1813 1595 πρόσωπον

399 1620 493 1664 τοὺς
519 1618 780 1674 Ταυρίσκους
809 1619 878 1660 καὶ
906 1618 999 1661 τοὺς
1027 1618 1096 1659 ἐπὶ
1125 1618 1224 1660 τάδε
1251 1621 1324 1659 τοῦ
1346 1617 1494 1658 Πάδου
1516 1622 1813 1663 κατοικοῦντας

399 1697 545 1742 Βοίους
572 1696 878 1752 παρενέβαλον,
903 1696 978 1748 τὴν
1006 1696 1196 1737 ἐναντίαν
1222 1696 1296 1750 μὲν
1330 1697 1484 1737 στάσιν
1521 1696 1696 1751 ἔχοντας
1727 1700 1812 1741 τοῖς

397 1775 716 1833 προειρημένοις,
750 1775 993 1826 βλέποντας
1022 1774 1064 1816 δὲ
1091 1775 1196 1830 πρὸς
1224 1774 1299 1827 τὴν
1328 1777 1410 1816 τῶν
1431 1778 1504 1816 τοῦ
1532 1775 1659 1816 Γαΐου
1681 1793 1809 1831 στρα-

397 1855 583 1897 τοπέδων
637 1853 797 1908 ἔφοδον.
858 1853 933 1897 τὰς
988 1852 1023 1893 δ’
1075 1854 1239 1907 ἁμάξας
1291 1854 1362 1895 καὶ
1414 1853 1648 1909 συνωρίδας
1694 1854 1811 1898 ἐκτὸς

397 1933 593 1989 ἑκατέρου
619 1937 692 1975 τοῦ
712 1931 891 1988 ’κέρατος
917 1932 1208 1988 παρέστησαν,
1237 1931 1312 1984 τὴν
1347 1932 1389 1973 δὲ
1415 1932 1534 1973 λείαν
1567 1933 1622 1976 εἴς
1654 1950 1694 1974 τι
1727 1935 1810 1974 τῶν

395 2011 711 2068 παρακειμένων
733 2010 839 2066 ὀρῶν
861 2009 1057 2064 φυλακὴν
1079 2011 1411 2066 περιστήσαντες
1432 2011 1634 2065 ἤθροιζον.
1694 2029 1807 2064 γενο-

393 2091 516 2145 μένης
550 2090 584 2131 δ’
618 2088 888 2144 ἂμφιστόμου
925 2092 996 2140 τῆς
1032 2091 1115 2130 τῶν
1149 2091 1325 2131 Κελτῶν
1359 2088 1567 2142 δυνάμεως
1597 2090 1644 2130 οὐ
1682 2088 1808 2142 μόνον

395 2166 745 2220 καταπληκτικὴν
780 2166 896 2207 ἀλλὰ
938 2168 1008 2209 καὶ
1048 2166 1285 2222 πρακτικὴν
1324 2166 1428 2209 εἶναι
1468 2166 1693 2218 συνέβαινε
1732 2166 1808 2220 τὴν

393 2249 525 2300 τάξιν.
596 2246 635 2287 οἱ
673 2245 746 2299 μὲν
783 2246 854 2287 οὖν
888 2247 1139 2301 Ἴνσομβρες
1179 2246 1248 2288 καὶ
1288 2247 1403 2287 Βοῖοι
1442 2245 1517 2290 τὰς
1556 2245 1807 2301 ἀναξυρίδας

394 2326 561 2381 ἔχοντες
588 2325 657 2366 καὶ
685 2323 780 2368 τοὺς
807 2325 992 2367 εὐπετεῖς
1018 2326 1101 2365 τῶν
1130 2325 1275 2377 σάγων
1297 2324 1392 2379 περὶ
1414 2323 1564 2368 αὐτοὺς
1591 2323 1804 2376 ἐξέταξαν·

393 2405 432 2446 οἱ
459 2403 501 2445 δὲ
529 2403 738 2444 Γαισάται
766 2402 834 2443 διά
861 2419 906 2443 τε
932 2401 1008 2454 τὴν
1036 2401 1284 2457 φιλοδοξίαν
1312 2402 1382 2444 καὶ
1414 2401 1462 2443 τὸ
1496 2402 1653 2458 θάρσος
1688 2402 1805 2443 ταῦτ’

392 2480 710 2538 ἀπορρίψαντες
743 2480 891 2534 γυμνοὶ
922 2482 1011 2533 μετ’
1046 2481 1184 2522 αὐτῶν
1223 2482 1307 2522 τῶν
1346 2481 1492 2523 ὅπλων
1531 2482 1692 2535 πρῶτοι
1732 2483 1805 2532 τῆς

392 2560 600 2613 δυνάμεως
634 2558 916 2610 κατέστησαν,
951 2557 1244 2609 ὑπολαβόντες
1283 2559 1413 2603 οὕτως
1453 2558 1627 2601 ἔσεσθαι
1667 2576 1801 2614 πρακ-

391 2639 614 2680 τικώτατοι
646 2636 713 2678 διὰ
745 2636 792 2677 τό
821 2654 936 2680 τινας
968 2638 1051 2678 τῶν
1079 2635 1221 2678 τόπων
1251 2636 1458 2688 βατώδεις
1489 2638 1612 2681 ὄντας
1646 2636 1799 2689 ἐμπλέ-

390 2716 540 2762 κεσθαι
580 2719 664 2760 τοῖς
705 2715 924 2771 ἐφάμμασι
964 2715 1034 2757 καὶ
1074 2715 1377 2773 παραποδίζειν
1416 2715 1493 2774 τὴν
1532 2718 1615 2757 τῶν
1654 2715 1801 2763 ὅπλων
