1980 3290
383 282 471 329 250
542 280 953 329 MONUMENTA
988 280 1336 328 HISTORIOA
1370 280 1635 329 OELTICA

383 415 592 454 κοινωνεῖν
626 414 712 455 τοῖς
748 408 1056 465 Καρχηδονίοις
1088 413 1172 452 τῶν
1206 411 1470 465 πραγμάτων
1501 409 1611 451 κατὰ
1644 409 1719 463 τὴν
1752 410 1798 463 ἐξ

383 491 519 546 ἀρχῆς
540 488 764 541 ἐπιβολήν,
787 487 1138 544 παρηλλαχότων
1169 488 1212 530 δὲ
1243 491 1326 530 τῶν
1349 487 1594 541 Ῥωμαϊκῶν
1615 505 1795 544 στρατι-

379 568 518 610 πέδων
539 568 617 621 ἤδη
631 567 726 612 τοὺς
739 565 970 611 πλείστους
987 568 1125 609 αὐτῶν
1146 567 1216 608 καὶ
1238 565 1586 608 διακεκλεικότων
1609 565 1796 622 ἡσυχίαν

382 648 496 701 ἦγον·
537 645 645 691 τινὲς
666 645 709 687 δὲ
729 646 798 687 καὶ
820 644 1123 700 συστρατεύειν
1144 644 1431 699 ἠναγκάζοντο
1453 648 1540 689 τοῖς
1561 643 1791 698 Ῥωμαίοις.

381 725 437 770 εἰς
469 725 495 766 ἃ
527 723 706 776 βλέπων
738 722 943 774 Ἀννίβας
976 723 1110 778 ἔκρινε
1140 723 1197 776 μὴ
1232 723 1405 776 μέλλειν
1445 722 1560 764 ἀλλὰ
1593 723 1797 778 προάγειν

382 803 438 848 εἰς
470 803 765 858 τοῦμπροσθεν
797 802 867 844 καὶ
901 802 1105 856 πράττειν
1137 820 1177 843 τι
1213 801 1317 856 πρὸς
1358 801 1404 842 τὸ
1447 802 1658 856 θαρρῆσαι
1699 801 1795 846 τοὺς

380 881 667 935 βουλομένους
687 880 879 936 μετέχειν
900 879 1027 936 σφίσι
1043 882 1127 922 τῶν
1149 881 1287 922 αὐτῶν
1308 879 1505 921 ἐλπίδων.

1490 954 1555 995 (iii.
1577 955 1649 995 60.)

470 1062 626 1101 XLIV.
661 1059 864 1111 Ἀννίβας
912 1060 987 1114 μὲν
1027 1061 1099 1102 οὖν
1140 1060 1207 1101 διὰ
1248 1059 1408 1102 τοιοῦδέ
1453 1077 1562 1104 τινος
1602 1059 1796 1114 ἐνεχείρει

382 1138 542 1194 τρόπου
577 1139 792 1181 ποιεῖσθαι
842 1139 917 1191 τὴν
965 1138 1229 1193 παραίνεσιν.
1309 1138 1563 1191 συναγαγὼν
1612 1137 1693 1192 γὰρ
1744 1137 1796 1178 τὰ

381 1217 529 1269 πλήθη
550 1217 798 1272 παρήγαγεν
830 1216 1072 1261 νεανίσκους
1103 1220 1186 1258 τῶν
1212 1217 1512 1272 αἰχμαλώτων,
1536 1216 1604 1260 οὓς
1635 1215 1798 1270 εἰλήφει

382 1299 714 1340 κακοποιοῦντας
764 1295 840 1347 τὴν
889 1294 1062 1350 πορείαν
1121 1296 1163 1336 ἐν
1213 1299 1302 1339 ταῖς
1351 1295 1446 1349 περὶ
1497 1293 1571 1338 τὰς
1615 1294 1796 1338 ’Άλπεις

383 1372 654 1429 δυσχωρίαις.
715 1372 886 1417 τούτους
909 1372 951 1414 δὲ
972 1375 1110 1417 κακῶς
1142 1372 1343 1415 διετίθετο
1374 1371 1796 1427 παρασκευαζόμενος

381 1451 486 1507 πρὸς
508 1451 555 1493 τὸ
575 1450 748 1505 μέλλον·
791 1451 861 1493 καὶ
882 1450 963 1506 γὰρ
996 1450 1172 1504 δεσμοὺς
1204 1450 1320 1506 εἶχον
1341 1453 1488 1505 βαρεῖς
1510 1451 1580 1492 καὶ
1604 1451 1662 1505 τῷ
1683 1452 1794 1505 λιμῷ

382 1529 662 1585 συνέσχηντο,
687 1530 756 1571 καὶ
778 1533 868 1573 ταῖς
899 1533 1086 1583 πληγαῖς
1117 1531 1256 1571 αὐτῶν
1278 1529 1330 1570 τὰ
1353 1529 1532 1582 σώματα
1554 1528 1794 1583 διέφθαρτο.

383 1607 564 1652 καθίσας
604 1607 676 1650 οὖν
715 1607 888 1651 τούτους
929 1607 984 1651 εἰς
1027 1606 1072 1649 τὸ
1113 1607 1244 1661 μέσον
1294 1607 1503 1662 προέθηκε
1552 1605 1796 1649 πανοπλίας

383 1686 637 1732 Γαλατικάς,
679 1685 782 1730 οἵαις
815 1686 1013 1728 εἰώθασιν
1048 1686 1087 1727 οἱ
1117 1688 1317 1736 βασιλεῖς
1353 1686 1505 1732 αὐτῶν,
1540 1686 1641 1726 ὅταν
1675 1702 1795 1737 μονο-

380 1768 534 1820 μαχεῖν
562 1763 793 1817 μέλλωσιν,
827 1765 1207 1817 κατακοσμεῖσθαι·
1249 1763 1353 1819 πρὸς
1385 1763 1427 1805 δὲ
1459 1763 1618 1807 τούτοις
1641 1763 1796 1806 ἵππους

383 1842 629 1898 παρέστησε
653 1842 722 1883 καὶ
755 1842 913 1896 σάγους
944 1842 1157 1896 εἰσήνεγκε
1187 1846 1450 1887 πολυτελεῖς.
1511 1841 1693 1882 κᾶπειτα
1713 1843 1795 1882 τῶν

383 1919 612 1963 νεανίσκων
632 1921 754 1976 ἤρετο
776 1920 881 1965 τίνες
903 1922 1041 1962 αὐτῶν
1069 1920 1304 1971 βούλονται
1332 1920 1670 1974 διαγωνίσασθαι
1692 1921 1796 1976 πρὸς

383 1999 600 2051 ἀλλήλους
621 1999 683 2053 ἐφ’
707 2000 738 2054 ᾧ
758 1998 830 2040 τὸν
849 1999 923 2052 μὲν
944 1999 1178 2051 νικήσαντα
1199 1999 1251 2040 τὰ
1283 1999 1536 2055 προκείμενα
1555 1999 1794 2053 λαμβάνειν

383 2076 510 2122 ἆθλα,
543 2075 614 2117 τὸν
645 2075 678 2116 δ’
712 2076 946 2128 ἡττηθέντα
976 2079 1059 2118 τῶν
1090 2076 1313 2131 παρόντων
1344 2077 1632 2132 ἀπηλλάχθαι
1654 2080 1794 2118 κακῶν

383 2151 700 2205 τελευτήσαντα
721 2152 793 2195 τὸν
821 2152 932 2204 βίον.
993 2153 1165 2194 πάντων
1195 2153 1229 2194 δ’
1256 2153 1592 2205 ἀναβοησάντων
1615 2153 1702 2207 ἅμα
1723 2153 1793 2194 καὶ

383 2229 622 2282 δηλούντων
642 2230 707 2272 ὅτι
734 2230 970 2281 βούλονται
999 2235 1268 2287 μονομαχεῖν,
1301 2232 1609 2287 κληρώσασθαι
1641 2230 1792 2286 προσέ-

384 2308 496 2359 ταξε,
537 2308 608 2349 καὶ
649 2307 720 2349 δύο
760 2307 855 2352 τοὺς
893 2307 1111 2364 λαχόντας
1154 2308 1551 2362 καθοπλισαμένους
1600 2308 1794 2349 ἐκέλευσε

381 2386 600 2442 μάχεσθαι
630 2387 735 2442 πρὸς
767 2387 998 2440 ἀλλήλους.
1057 2387 1303 2441 παραυτίκα
1331 2388 1406 2441 μὲν
1436 2389 1507 2429 οὖν
1538 2386 1792 2430 ἀκούσαντες
