1980 3290
379 261 467 308 216
529 261 939 308 MONUMENTA
981 260 1327 308 HISTORICA
1371 261 1635 310 OELTIOA

378 389 516 431 πέδων
556 393 629 441 τῆς
666 388 880 444 ὠφελείας,
924 390 966 431 ἐν
1001 389 1164 443 ὁλίὙαις
1214 389 1384 445 ἡμέραις
1423 392 1521 443 ἧκεν
1559 392 1664 444 μετὰ
1704 395 1787 434 τῶν

378 467 592 521 δυνάμεων
613 468 669 513 εἰς
690 467 765 520 τὴν
787 468 960 520 Ῥώμην,
995 468 1064 509 καὶ
1095 467 1143 509 τὸ
1173 468 1247 522 μὲν
1276 468 1555 511 Καπετώλιον
1576 469 1787 524 ἐκόσμησε

377 549 469 591 ταῖς
490 564 534 588 τε
555 546 756 599 σημαίαις
787 546 857 588 καὶ
889 549 974 590 τοῖς
1003 546 1227 599 μανιάκαις
1259 549 1398 598 (τοῦτο
1429 546 1463 587 δ’
1485 548 1576 590 ἐστὶ
1598 552 1786 604 χρυσοῦν

376 624 575 680 ψέλλιον,
619 624 639 666 ὃ
671 627 849 680 φοροῦσι
878 624 973 679 περὶ
1005 624 1078 666 τὸν
1118 626 1336 680 τράχηλον
1377 625 1416 666 οἱ
1446 627 1669 680 Γαλάται),
1702 629 1787 670 τοῖς

378 703 420 745 δὲ
451 707 616 748 λοιποῖς
645 703 819 748 σκύλοις
846 703 917 745 καὶ
946 706 1032 747 τοῖς
1060 703 1350 758 αἰχμαλώτοις
1377 703 1482 758 πρὸς
1514 703 1590 756 τὴν
1625 704 1787 746 εἴσοδον

377 782 591 837 ἐχρήσατο
613 781 690 835 τὴν
711 781 860 824 ἑαυτοῦ
883 780 952 823 καὶ
970 780 1074 836 πρὸς
1087 781 1162 833 τὴν
1177 785 1248 822 τοῦ
1265 781 1477 836 θριάμβου
1494 782 1786 836 διακόσμησιν.

458 860 510 901 Ἡ
527 860 601 914 μὲν
623 861 695 902 οὖν
714 861 939 916 βαρυτάτη
961 862 1043 901 τῶν
1066 862 1241 901 Κελτῶν
1263 859 1409 914 ἔφοδος
1431 860 1538 902 οὕτω
1562 861 1632 902 καὶ
1654 860 1787 915 τούτῳ

376 941 435 994 τῷ
476 938 618 995 τρόπῳ
662 939 877 995 διεφθάρη,
920 941 1031 980 πᾶσι
1076 936 1150 990 μὲν
1190 937 1466 985 Ἰταλιώταις,
1511 940 1705 992 μάλιστα
1746 939 1789 981 δὲ

376 1017 594 1071 Ῥωμαίοις
620 1017 752 1071 μέγαν
784 1017 854 1059 καὶ
883 1015 1068 1071 φοβερὸν
1096 1016 1422 1071 ἐπικρεμάσασα
1458 1016 1659 1058 κίνδυνον·
1702 1017 1787 1059 ἀπὸ

377 1095 419 1137 δὲ
449 1099 522 1137 τοῦ
553 1095 879 1151 κατορθώματος
909 1094 1058 1136 τούτου
1090 1094 1427 1139 κατελπίσαντες
1448 1095 1645 1148 Ῥωμαῖοι
1667 1095 1785 1148 δυνή-

376 1174 531 1215 σεσθαι
571 1174 666 1218 τοὺς
692 1172 880 1217 Κελτοὺς
913 1173 958 1214 ἐκ
993 1176 1076 1215 τῶν
1116 1171 1258 1214 τόπων
1291 1175 1374 1215 τῶν
1405 1173 1500 1228 περὶ
1534 1173 1606 1214 τὸν
1642 1173 1788 1215 Πάδον

377 1251 618 1308 ὁλοσχερῶς
658 1253 870 1303 ἐκβαλεῖν,
908 1252 1003 1296 τούς
1043 1270 1087 1294 τε
1121 1251 1226 1305 μετὰ
1266 1254 1401 1293 ταῦτα
1442 1251 1789 1297 κατασταθέντας

378 1331 562 1375 ὑπάτους
599 1329 777 1372 Κόιντον
805 1331 1039 1373 Φουλούιον
1071 1331 1141 1372 καὶ
1168 1329 1293 1371 Τίτον
1322 1331 1496 1372 Μάλιον
1532 1329 1789 1385 ἀμφοτέρους

376 1409 448 1451 καὶ
481 1409 555 1454 τὰς
591 1409 781 1461 δυνάμεις
812 1408 918 1461 μετὰ
950 1412 1222 1464 παρασκευῆς
1261 1409 1449 1462 μεὙάλης
1483 1405 1789 1461 ἐξαπέστειλαν

376 1488 445 1531 ἐπὶ
486 1487 581 1532 τοὺς
622 1487 821 1532 Κελτούς.
882 1488 996 1529 οὗτοι
1037 1487 1080 1528 δὲ
1120 1487 1214 1532 τοὺς
1253 1487 1328 1540 μὲν
1367 1487 1513 1531 Βοίους
1554 1487 1600 1538 ἐξ
1638 1485 1789 1541 ἐφόδου

377 1566 751 1619 καταπληξάμενοι
793 1567 1126 1619 συνηνάγκασαν
1166 1566 1220 1610 εἰς
1256 1565 1332 1617 τὴν
1368 1565 1583 1618 Ῥωμαίων
1619 1564 1790 1608 ἑαυτοὺς

378 1645 519 1686 δοῦναι
541 1644 702 1691 πίστιν,
727 1644 800 1686 τὸν
823 1644 864 1686 δὲ
885 1644 1038 1686 λοιπὸν
1068 1645 1222 1701 χρόνον
1244 1649 1317 1697 τῆς
1345 1644 1580 1700 στρατείας,
1605 1644 1787 1696 ἐπιγενο-

377 1723 510 1777 μένων
524 1724 696 1778 ὄμβρων
713 1722 922 1775 ἐξαισίων,
942 1723 1002 1764 ἕτι
1020 1723 1062 1764 δὲ
1077 1727 1272 1777 λοιμικῆς
1289 1722 1513 1767 διαθέσεως
1527 1720 1790 1775 ἐμπεσούσης

379 1803 532 1848 αὐτοῖς,
555 1801 610 1847 εἷς
632 1801 752 1846 τέλος
773 1801 991 1856 ἄπρακτον
1012 1802 1140 1858 εἶχον·

1503 1860 1552 1901 (ii.
1574 1858 1644 1901 31.)

467 1955 629 1996 XXVI.
664 1954 788 1996 Men}
803 1954 845 1996 δὲ
859 1954 1028 2000 τούτους
1050 1954 1387 1998 κατασταθέντες
1402 1952 1596 1998 Πόπλιος
1618 1952 1793 2008 Φούριος

382 2033 451 2074 καὶ
481 2033 605 2076 Γάιος
632 2032 866 2086 Φλαμίνιος
897 2034 1015 2078 αὖθις
1046 2033 1250 2084 ἐνέβαλον
1286 2032 1341 2076 εἰς
1374 2031 1449 2084 τὴν
1484 2030 1694 2083 Κελτικὴν
1726 2030 1793 2072 διὰ

381 2114 455 2162 τῆς
487 2113 569 2152 τῶν
609 2110 799 2166 Ἀνάρων
837 2111 993 2167 χώρας,
1037 2113 1096 2156 οἷς
1136 2112 1365 2164 συμβαίνει
1405 2110 1461 2165 μὴ
1501 2109 1666 2164 μακρὰν
1707 2109 1792 2151 ἀπὸ

384 2188 678 2233 Μασσαλίας1
714 2190 826 2246 ἔχειν
860 2190 936 2242 τὴν
969 2192 1146 2243 οἴκησιν·
1202 2192 1270 2235 οὓς
1292 2190 1346 2234 εἷς
1377 2188 1451 2241 τὴν
1481 2187 1628 2244 φιλίαν
1659 2205 1790 2243 προσ-

384 2267 636 2321 αΎανγόμενοι
665 2267 872 2320 διέβησαν
899 2269 954 2314 εἰς
979 2269 1054 2321 τὴν
1067 2270 1165 2324 ῖτῶν
1185 2268 1449 2323 Ἰνσόμβρων
1479 2271 1558 2320 «γῆν
1589 2266 1698 2308 κατὰ
1720 2265 1794 2309 τὰς

384 2346 582 2401 συρροίας
617 2350 690 2388 τοῦ
726 2347 761 2388 τ’
796 2348 926 2390 Ἀδόα
960 2348 1029 2390 καὶ
1066 2348 1213 2389 Πάδου
1244 2350 1448 2399 ποταμοῦ·
1508 2344 1718 2396 λαβόντες
1753 2343 1796 2384 δὲ

383 2425 553 2479 πληγὰς
585 2425 683 2480 περί
713 2444 757 2467 τε
787 2426 862 2479 τὴν
896 2426 1098 2477 διάβασιν
1129 2426 1199 2468 καὶ
1233 2425 1329 2480 περὶ
1360 2423 1437 2476 τὴν
1467 2420 1796 2478 στρατοπεδείαν

450 2647 616 2684 ῙΟΗιεῐῑς,
657 2649 867 2688 eonsidering
906 2648 971 2678 this
1012 2648 1125 2679 march
1165 2650 1222 2678 too
1260 2646 1348 2686 long,
1388 2645 1468 2676 read
1499 2643 1675 2683 Ἀναμάρων
1707 2666 1714 2673 .
1747 2665 1754 2672 .
1787 2664 1794 2671 .

387 2699 588 2729 Πλακεντίας.
635 2699 668 2729 Ity
684 2709 789 2729 seems
813 2698 1005 2739 impossible
1023 2699 1098 2729 that
1117 2698 1173 2729 tho
1194 2699 1326 2729 Roman
1351 2696 1465 2730 march
1485 2693 1605 2736 should
1628 2693 1715 2724 have
1738 2702 1793 2726 ox,-

386 2750 510 2783 tendod
529 2753 564 2780 to
581 2750 772 2782 Marseilles.
