1980 3290
455 295 513 342 68
611 295 1021 343 MONUMENTA
1054 295 1400 344 HISTORIOA
1435 296 1699 345 OELTIOA

453 431 741 482 manserunt,
788 425 916 488 quod
959 442 1055 472 non
1116 425 1269 473 solum
1316 425 1366 473 in
1412 425 1593 474 aestivo
1637 427 1851 485 solstitio,

453 508 534 554 sed
578 507 626 554 in
670 507 834 554 diebus
879 507 999 554 circa
1043 507 1172 564 illud,
1219 507 1268 554 in
1312 507 1580 570 vespertina
1625 509 1742 556 hora
1787 509 1855 557 sol

452 589 700 636 abscondit
718 606 765 636 se
785 589 919 652 quasi
936 595 1067 636 trans
1085 606 1289 651 parvum
1307 590 1559 647 tumulum,
1580 590 1647 638 ita
1666 597 1722 638 ut
1739 591 1855 639 nihil

452 670 754 716 tenebrarum
795 669 844 716 in
901 669 1096 716 minimo
1153 669 1307 732 spatio
1363 670 1464 732 ipso
1520 672 1618 718 fiat.
1656 709 1665 718 .
1702 709 1712 719 .
1748 709 1758 720 .
1796 673 1854 720 In

452 750 606 797 medio
642 750 763 797 illius
801 750 983 797 minimi
1019 750 1246 813 temporis
1283 751 1492 798 medium
1527 752 1678 799 noctis
1714 753 1770 800 fit
1805 753 1853 800 in

451 831 605 878 medio
626 831 749 879 orbis
765 837 918 878 terrae
930 849 940 888 3
966 837 1014 878 et
1035 831 1206 879 idcirco
1226 831 1507 879 mentientes
1527 833 1754 881 falluntur
1773 833 1854 897 qui
1893 831 1898 835 ”

452 913 628 960 circum
654 931 760 960 eam
787 919 1060 960 concretum
1087 913 1184 960 fore
1213 930 1340 960 mare
1368 913 1666 975 scripserunt,
1697 920 1746 961 et
1773 914 1854 978 qui

451 1011 478 1041 a
495 994 673 1041 vernali
692 993 990 1057 aequinoctio
1014 1010 1163 1056 usque
1188 994 1249 1040 ad
1274 994 1549 1041 autumnale
1573 994 1855 1042 continuum

450 1075 576 1122 diem
598 1075 696 1122 sine
718 1081 857 1122 nocte
881 1081 1025 1138 atque
1049 1076 1109 1122 ab
1134 1075 1401 1122 autumnali
1424 1093 1558 1122 versa
1581 1075 1682 1123 vice
1706 1093 1854 1139 usque

449 1157 512 1203 ad
547 1157 735 1203 vernale
761 1156 1114 1219 aequinoctium
1149 1156 1389 1204 assiduam
1424 1156 1615 1220 quidem
1648 1163 1851 1215 noctem,

449 1239 565 1285 dum
587 1238 651 1285 illi
671 1238 950 1300 navigantes
970 1237 1019 1284 in
1039 1237 1243 1284 naturali
1263 1244 1475 1300 tempore
1495 1237 1654 1301 magni
1674 1238 1855 1300 frigoris

449 1337 557 1367 eam
592 1319 837 1366 intrabant
872 1336 926 1366 ac
963 1324 1208 1366 manentes
1244 1318 1292 1365 in
1328 1318 1429 1381 ipsa
1466 1317 1564 1366 dies
1599 1325 1854 1382 noctesque

451 1417 632 1462 semper
647 1406 835 1462 praeter
851 1398 1039 1446 solstitii
1065 1405 1253 1461 tempus
1280 1398 1554 1446 alternatim
1578 1400 1821 1447 habebant
1842 1417 1851 1447 :

449 1482 530 1528 sed
564 1480 866 1544 navigatione
899 1479 1056 1527 minus
1089 1479 1181 1527 diei
1214 1498 1273 1527 ex
1306 1479 1383 1527 illa
1417 1481 1479 1527 ad
1513 1481 1716 1528 Boream
1747 1498 1854 1528 con-

446 1562 655 1625 gelatum
678 1579 806 1610 mare
828 1561 1122 1608 invenerunt.

1099 1643 1244 1685 (Dicuil,
1259 1643 1299 1677 de
1315 1643 1487 1676 Mensura
1505 1642 1616 1683 Orbis,
1638 1653 1667 1676 c,
1686 1643 1757 1684 29.)

536 1839 668 1885 XVI.
703 1837 889 1884 Dicitur
913 1842 1076 1883 autem
1101 1853 1198 1883 nox
1223 1836 1287 1883 eis
1317 1835 1416 1883 fieri
1445 1852 1594 1898 usque
1617 1836 1678 1882 ad
1709 1852 1855 1882 unam

446 1919 613 1966 horam
658 1919 787 1980 apud
835 1934 953 1980 quos
1000 1916 1201 1964 arcticus
1249 1922 1320 1964 est
1359 1915 1566 1963 aestivus
1613 1915 1820 1978 tropicus
1840 1933 1851 1974 ;

444 2000 565 2047 sicut
574 2000 711 2062 juxta
729 1999 911 2061 Thylen
927 1998 1129 2045 insulam
1139 1997 1351 2044 scribunt
1366 2014 1449 2059 per
1463 1997 1589 2044 diem
1603 2003 1650 2044 et
1664 2003 1852 2044 noctem

445 2081 590 2128 solem
611 2097 750 2142 super
772 2086 947 2126 terram
969 2078 1076 2126 ferri
1098 2095 1106 2126 :
1142 2095 1219 2125 eos
1242 2079 1367 2125 enim
1389 2078 1470 2141 qui
1492 2078 1656 2125 dicunt
1675 2095 1851 2125 semen-

445 2167 591 2208 strem
613 2160 739 2208 diem
758 2166 1041 2222 noctemque
1064 2159 1323 2222 aequalem,
1349 2164 1434 2205 aut
1456 2158 1600 2205 etiam
1618 2159 1853 2221 quaedam

445 2242 706 2289 borealium
757 2241 968 2304 partium
1019 2256 1266 2302 nunquam
1319 2238 1572 2286 illuminari
1626 2238 1852 2286 solaribus

443 2323 600 2379 radiis,
621 2321 885 2369 rationibus
903 2321 1006 2367 aliis
1024 2320 1333 2367 demittimus.

673 2405 890 2447 (Priscianus
909 2404 1042 2447 Lydus
1059 2404 1167 2437 Solut.
1193 2402 1239 2436 acl
1263 2403 1445 2437 Ghosroen.
1466 2402 1676 2446 (Bywater),
1693 2404 1764 2445 67.)

523 2628 666 2667 XVII.
699 2625 803 2680 Περὶ
819 2624 894 2676 τὴν
917 2623 1087 2675 Θούλην
1108 2622 1373 2676 καλουμένην
1386 2626 1526 2674 νῆσον,
1542 2623 1584 2665 ἐν
1600 2623 1626 2678 ᾗ
1641 2623 1855 2677 «γεγονέναι

439 2704 546 2757 φασὶ
570 2703 740 2745 Πυθέαν
761 2702 833 2744 τὸν
855 2701 1185 2753 Μασσαλιώτην
1206 2700 1459 2757 φιλόσοφον,
1482 2701 1583 2742 ὅλον
1603 2699 1675 2742 τὸν
1697 2699 1856 2754 θερινὸν
