1980 3290
456 321 543 369 198
605 321 1015 369 MONUMENTA
1057 319 1405 368 HISTORICA
1448 318 1714 367 CELTICA

454 453 536 492 τῶν
577 450 611 491 δ’
652 452 698 492 ἐκ
739 453 812 492 τοῦ
847 453 992 505 καιροῦ
1032 451 1458 505 προσβοηθησάντων
1493 449 1549 493 εἰς
1588 448 1664 501 τὴν
1704 449 1866 503 Ῥώμην

454 527 652 579 Σαβίνων
673 529 741 570 καὶ
757 530 981 583 Τυρρηνῶν
1009 528 1151 571 ἱππεῖς
1171 527 1246 581 μὲν
1267 528 1378 580 ἦσαν
1400 527 1455 571 εἰς
1485 525 1864 582 τετρακισχιλίους,

453 606 570 656 πεζοὶ
593 605 635 647 δὲ
665 605 837 649 πλείους
867 608 950 646 τῶν
980 604 1361 660 πεντακισμυρίων.
1422 604 1592 649 τούτους
1617 604 1691 657 μὲν
1724 603 1864 660 ἀθροί-

454 703 603 729 σαντες
637 686 689 728 ὡς
724 685 792 725 ἐπὶ
827 683 1058 738 Τυρρηνίας
1092 684 1392 738 προεκάθισαν,
1428 682 1686 735 ἑξαπέλεκυν
1727 683 1867 726 αὐτοῖς

454 762 637 816 ἡγεμόνα
672 762 976 814 συστήσαντες·
1018 763 1057 804 οἱ
1098 761 1140 802 δὲ
1180 761 1253 803 τὸν
1292 761 1536 803 Ἀπεννῖνον
1578 763 1868 804 κατοικοῦντες

447 842 636 896 ’Όμβροι
659 841 727 883 καὶ
749 840 1004 895 Σαρσινάτοι
1030 840 1309 895 συνήχθησαν
1340 839 1395 884 εἰς
1424 838 1676 894 δισμυρίους,
1699 838 1804 892 μετὰ
1826 837 1869 878 δὲ

453 918 610 960 τούτων
633 918 828 961 Οὐὲνετοι
850 918 920 959 καὶ
950 919 1180 971 Γονομάνοι
1211 917 1432 972 δῗσμύριοι·
1467 916 1638 961 τούτους
1661 916 1693 957 δ’
1716 916 1870 968 ἔταξαν

453 998 522 1039 ἐπὶ
555 1001 638 1040 τῶν
673 998 780 1052 ὅρων
813 1000 885 1048 τῆς
919 995 1147 1043 Γαλατίας,
1190 995 1238 1037 ἵν’
1272 994 1534 1048 ἐμβαλόντες
1574 995 1630 1039 εἰς
1672 994 1748 1047 τὴν
1787 996 1869 1035 τῶν

454 1072 587 1114 Βοίων
628 1074 773 1129 χώραν
813 1073 1153 1127 ἀντιπερισπῶσι
1194 1071 1288 1115 τοὺς
1320 1070 1641 1123 ἐξεληλυθότας·
1703 1069 1755 1111 τὰ
1795 1069 1869 1122 μὲν

453 1152 525 1193 οὖν
555 1151 857 1208 προκαθήμενα
888 1149 1158 1205 στρατόπεδα
1180 1154 1252 1202 τῆς
1276 1150 1418 1204 χώρας
1443 1149 1558 1191 ταῦτ’
1584 1150 1648 1202 ἣν·
1691 1150 1732 1190 ἐν
1755 1148 1797 1189 δὲ
1819 1150 1869 1202 τῇ

453 1230 591 1284 Ῥώμῃ
627 1229 837 1284 διέτριβον
870 1227 1169 1281 ἡτοιμασμένοι
1196 1228 1324 1283 χάριν
1354 1230 1438 1269 τῶν
1469 1226 1794 1280 συμβαινόντων
1828 1227 1869 1268 ἐν

454 1312 539 1353 τοῖς
560 1307 772 1361 πολέμοις,
796 1305 1008 1362 ἐφεδρείας
1039 1306 1206 1361 ἔχοντες
1238 1306 1369 1358 τάξιν,
1398 1305 1613 1359 Ῥωμαίων
1634 1305 1708 1358 μὲν
1731 1307 1868 1347 αὐτῶν

454 1387 570 1437 πεζοὶ
588 1385 808 1439 δισμύριοι,
824 1384 928 1438 μετὰ
943 1384 985 1424 δὲ
1002 1383 1160 1425 τούτων
1176 1384 1317 1427 ἱππεῖς
1333 1383 1468 1438 χίλιοι
1491 1384 1560 1425 καὶ
1582 1383 1866 1430 πεντακόσιοι,

454 1467 535 1505 τῶν
564 1463 606 1505 δὲ
633 1463 872 1518 συμμάχων
902 1462 1018 1513 πεζοὶ
1048 1461 1121 1515 μὲν
1150 1461 1388 1517 τρισμύριοι
1416 1461 1622 1517 δισχίλιοι
1649 1462 1681 1502 δ’
1712 1463 1867 1505 ἱππεῖς·

455 1539 728 1594 καταγραφαὶ
774 1537 807 1578 δ’
854 1536 1150 1591 ἀνηνέχθησαν
1197 1536 1391 1578 Λατίνων
1431 1537 1504 1590 μὲν
1552 1535 1870 1591 ὀκτακισμύριοι

455 1617 570 1669 πεζοὶ
610 1615 955 1670 πεντακισχίλιοι
997 1614 1030 1655 δ’
1081 1615 1235 1662 ἱππεῖς,
1283 1614 1496 1659 Σαυνιτῶν
1553 1616 1594 1657 δὲ
1640 1616 1756 1666 πεζοὶ
1795 1614 1869 1668 μὲν

455 1694 787 1750 ἑπτακισμύριοι,
830 1693 935 1747 μετὰ
972 1694 1014 1734 δὲ
1055 1693 1212 1735 τούτων
1247 1693 1386 1738 ἱππεῖς
1430 1693 1762 1749 ἑπτακισχίλιοι,
1800 1692 1870 1734 καὶ

453 1772 534 1827 μὴν
566 1772 778 1826 Ἰαπύνγων
812 1773 880 1814 καὶ
915 1771 1187 1814 λῘεσσαπίων
1224 1774 1432 1827 συνάμφω
1464 1774 1600 1823 πεζῶν
1634 1772 1708 1826 μὲν
1743 1770 1868 1813 πέντε

453 1850 647 1907 μυριάδες
680 1850 821 1895 ἱππεῖς
850 1850 890 1891 δὲ
923 1850 1059 1906 μύριοι
1098 1851 1174 1892 σὺν
1211 1850 1530 1906 ἑξακισχιλίοις,
1564 1853 1790 1892 Λευκανῶν
1827 1849 1869 1891 δὲ

454 1930 570 1980 πεζοὶ
602 1929 675 1982 μὲν
709 1929 943 1985 τρισμύριοι
976 1928 1212 1985 τρισχίλιοι
1246 1928 1278 1969 δ’
1316 1929 1469 1977 ἱππεῖς,
1501 1931 1696 1985 ΙῊάρσων
1724 1928 1766 1969 δὲ
1800 1929 1869 1970 καὶ

455 2006 762 2062 ἸΛἸαρρουκίνων
795 2007 865 2049 καὶ
893 2008 1174 2062 Φερεντάνων,
1210 2007 1268 2048 ἔτι
1304 2007 1336 2048 δ’
1370 2007 1612 2049 Οὐεστίνων
1645 2007 1761 2058 πεζοὶ
1793 2006 1867 2060 μὲν

455 2089 664 2144 δισμύριοι
681 2089 1016 2145 τετρακισχίλιοι
1034 2089 1067 2130 δ’
1083 2091 1237 2135 ἱππεῖς.
1299 2092 1359 2131 ἔτι
1381 2109 1428 2144 «γε
1442 2090 1523 2144 μὴν
1541 2091 1609 2132 καὶ
1632 2091 1673 2131 ἐν
1695 2089 1868 2147 Σικελία

454 2168 524 2209 καὶ
551 2169 736 2223 Τάραντι
763 2167 1035 2223 στρατόπεδα
1063 2168 1133 2210 δύο
1162 2168 1485 2224 παρεφήδρευεν,
1517 2170 1571 2210 ὧν
1597 2169 1792 2224 ἑκάτερον
1818 2169 1868 2221 ἢν

454 2245 534 2287 ἀνὰ
556 2244 922 2301 τετρακισχιλίους
951 2246 1021 2288 καὶ
1051 2246 1289 2290 διακοσίους
1317 2247 1476 2297 πεζούς,
1502 2247 1643 2292 ἱππεῖς
1666 2246 1708 2288 δὲ
1730 2246 1867 2288 διακο-

455 2323 582 2368 σίους.
644 2323 858 2376 Ῥωμαίων
888 2323 929 2365 δὲ
957 2325 1027 2367 καὶ
1056 2327 1302 2378 Καμπανῶν
1331 2327 1354 2377 ἡ
1376 2326 1542 2377 πληθὺς
1563 2327 1698 2376 πεζῶν
1719 2325 1792 2379 μὲν
1814 2324 1869 2368 εἰς

455 2403 589 2444 εἴκοσι
617 2402 687 2443 καὶ
715 2401 839 2444 πέντε
861 2402 1187 2459 κατελέχθησαν
1207 2403 1413 2458 μυριάδες,
1440 2403 1603 2446 ἱππέων
1632 2403 1665 2444 δ’
1687 2404 1756 2446 ἐπὶ
1779 2406 1868 2447 ταῖς
