1980 3290
419 287 506 334 280
568 287 978 334 MONUMENTA
1022 287 1368 334 HISTORICA
1413 286 1677 333 CELTICA

418 416 488 457 καὶ
510 414 693 459 συνετός·
736 415 782 456 τὸ
805 415 847 456 δὲ
869 415 1048 470 συνέχον
1069 415 1185 469 παρὰ
1217 415 1432 458 Γαλάταις
1454 413 1664 468 ἀνδρώδης
1686 414 1735 466 ἣν
1755 413 1826 454 καὶ

418 493 641 546 δυναμικὸς
663 493 766 547 πρὸς
788 493 861 537 τὰς
882 493 1116 546 πολεμικὰς
1136 492 1294 548 χρείας.
1557 503 1658 543 (xxii,
1679 501 1748 543 21.)
1769 501 1778 521 ¹

506 597 686 635 LXXII.
721 592 946 642 Πολυβίου
977 592 1010 632 δ’
1041 591 1230 636 εἰπόντος
1262 591 1507 646 τριακοσίας
1538 592 1676 632 αὐτῶν
1698 608 1825 632 κατα-

417 676 550 713 λῦσαι
581 671 727 715 πόλεις
761 669 957 723 Τιβέριον
990 671 1197 724 Γράκχον,
1232 669 1443 722 κωμῳδῶν
1476 672 1583 723 φησι
1615 672 1737 709 τοῦτο
1771 671 1828 721 τῷ

418 749 601 804 Γράκχῳ
642 747 910 803 χαρίσασθαι
951 746 1022 787 τὸν
1064 745 1206 801 ἄνδρα,
1251 746 1345 789 τοὺς
1392 744 1575 800 πύργους
1616 748 1830 786 καλοῦντα

417 826 574 872 πόλεις,
599 826 807 880 ὥσπερέν
838 829 929 869 ταῖς
963 826 1235 879 θριαμβικαῖς
1270 827 1474 876 πομπαῖς.
1535 822 1606 863 καὶ
1634 823 1734 865 ἴσως
1756 822 1831 862 οὐκ

417 904 601 945 ἄπιστον
622 907 743 944 τοῦτο
773 901 900 955 λέγει·
943 903 1013 943 καὶ
1046 902 1127 956 γὰρ
1165 902 1203 942 οἱ
1234 901 1465 956 στρατηγοὶ
1490 901 1558 942 καὶ
1581 900 1619 941 οἱ
1643 916 1829 953 συγγραν

417 985 506 1035 φεῖς
535 980 687 1037 ῥαδίως
712 981 780 1021 ἐπὶ
811 983 932 1021 τοῦτο
966 979 1163 1034 φέρονται
1198 978 1245 1020 τὸ
1267 983 1457 1033 ψεῦσμα,
1493 976 1832 1027 καλλωπίζοντες

418 1058 491 1102 Τὰς
512 1058 698 1113 πράξεις.
1269 1070 1365 1103 (xxv.
1387 1071 1408 1103 i.
1428 1082 1471 1103 ox
1494 1069 1639 1108 Strabo,
1659 1069 1710 1101 iii.
1731 1066 1778 1105 4.)

506 1161 709 1200 LXXIII.
744 1157 942 1209 Δοξάσας
963 1157 1044 1211 γὰρ
1074 1156 1267 1208 μάλιστα
1289 1155 1383 1197 τότε
1405 1156 1479 1207 τὴν
1501 1155 1610 1196 ἰδίαν
1631 1154 1768 1210 ἀρχὴν
1789 1155 1830 1195 ἐν

417 1238 606 1291 ἀσφαλεῖ
623 1235 859 1287 βεβηκέναι
882 1235 950 1275 καὶ
972 1234 1143 1285 πολλὴν
1164 1232 1375 1288 ἐπιφέρειν
1400 1233 1622 1290 ῥαστώνην
1644 1232 1716 1273 τὸν
1737 1233 1830 1283 ἑξῆς

416 1313 570 1370 χρόνον
610 1313 682 1355 ἅτε
721 1316 795 1354 τοῦ
835 1311 1030 1366 Περσέως
1071 1312 1138 1352 καὶ
1179 1310 1366 1352 καθόλου
1400 1315 1471 1362 τῆς
1504 1311 1545 1351 ἐν
1578 1308 1824 1366 λΙακεδονία

415 1391 644 1442 βασιλείας
694 1390 824 1444 ἅρδην
872 1388 1140 1444 ἀνῃρημένης,
1196 1387 1290 1430 τότε
1339 1388 1554 1441 μεγίστοις
1606 1386 1826 1441 ἐνεκύρησε

418 1469 620 1513 κινδύνοις
670 1471 752 1510 τῶν
802 1468 910 1509 κατὰ
960 1467 1036 1519 τὴν
1085 1466 1239 1508 Ἀσίαν
1289 1468 1495 1507 Γαλατῶν
1539 1465 1831 1516 ἁνυπονοήτως

419 1547 753 1589 ἐπαναστάντων
774 1546 858 1589 τοῖς
880 1548 1050 1599 καιροῖς.
1086 1577 1092 1585 .
1129 1576 1136 1584 .
1172 1577 1179 1585 .
1579 1554 1689 1591 (xxix.
1711 1556 1766 1588 522,

507 1650 702 1690 LXXIV.
726 1646 831 1686 ‘'OTL
865 1644 973 1686 κατὰ
1007 1643 1078 1684 τὸν
1112 1642 1256 1697 καιρὸν
1291 1647 1437 1684 τοῦτον
1474 1644 1578 1695 ἦλθε
1610 1642 1727 1697 παρὰ
1760 1646 1832 1683 τοῦ

417 1726 634 1777 βασιλέως
665 1725 872 1778 Εὐμένους
903 1721 1083 1775 ἀδελφὸς
1102 1722 1328 1768 ”Λτταλος,
1362 1721 1472 1776 ἔχων
1501 1721 1575 1774 μὲν
1600 1720 1830 1775 πρόφασιν,

419 1805 454 1846 εἰ
486 1805 555 1846 καὶ
586 1804 643 1857 μὴ
677 1803 723 1844 τὸ
759 1801 868 1843 κατὰ
902 1800 995 1843 τοὺς
1029 1799 1228 1842 Γαλάτας
1259 1799 1437 1851 ἐγεγόνει
1470 1798 1711 1851 σύμπτωμα
1737 1798 1832 1852 περὶ

419 1882 495 1934 τὴν
514 1881 760 1932 βασιλείαν,
793 1879 901 1932 ὅμως
932 1878 1070 1919 ἐλθεῖν
1099 1877 1153 1919 εἷς
1185 1876 1260 1927 τὴν
1291 1876 1452 1929 Ῥώμην
1483 1876 1616 1917 ἕνεκεν
1637 1880 1709 1917 τοῦ
1731 1894 1831 1928 συγ-

419 1963 605 2015 χαρῆναι
626 1961 677 2012 τῇ
700 1956 928 2010 συγκλήτῳ
960 1955 1030 1996 καὶ
1062 1957 1204 2009 τυχεῖν
1230 1971 1338 1997 τινος
1369 1952 1656 2005 ἐπισημασίας
1689 1953 1755 1994 διὰ
1786 1952 1833 1994 τὸ

421 2033 850 2088 συμπεπολεμηκέναι
873 2032 943 2074 καὶ
974 2032 1147 2073 πάντων
1178 2031 1353 2083 εὐμενῶς
1382 2030 1508 2084 σφίσι
1529 2030 1835 2086 μετεσχηκέναι

422 2116 504 2154 τῶν
545 2112 757 2154 κινδύνων·
791 2110 886 2152 τότε
917 2110 959 2150 δὲ
990 2109 1061 2150 καὶ
1093 2108 1162 2149 διὰ
1195 2107 1271 2159 τὴν
1306 2107 1551 2160 Γαλατικὴν
1580 2108 1835 2163 περίστασιν

422 2189 740 2243 ἠναγκασμένος
762 2191 859 2241 ἧκεν
881 2188 937 2231 εἰς
959 2186 1035 2238 Τὴν
1057 2187 1231 2239 Ῥώμην.
1265 2218 1273 2226 .
1308 2218 1315 2226 .
1350 2217 1358 2225 .

506 2266 665 2321 Διόπερ
714 2265 918 2307 εἰσελθὼν
958 2264 1013 2308 εἰς
1059 2263 1135 2315 τὴν
1184 2262 1427 2315 σύγκλητον
1474 2262 1493 2304 ὁ
1540 2263 1837 2319 προειρημένος

424 2345 639 2399 συνεχάρη
669 2343 744 2396 μὲν
774 2343 844 2384 ἐπὶ
870 2346 956 2386 τοῖς
986 2340 1218 2394 γεγονόσιν,
1252 2340 1322 2381 καὶ
1355 2341 1449 2395 περὶ
1481 2345 1553 2393 τῆς
1584 2341 1678 2382 καθ’
1710 2340 1836 2382 αὑτὸν

424 2421 581 2465 εὐνοίας
603 2421 673 2462 καὶ
694 2419 943 2475 προθυμίας,
967 2420 1017 2471 ἢν
1037 2417 1279 2473 παρέσχετο
1309 2417 1419 2458 κατὰ
1448 2418 1521 2460 τὸν
1540 2417 1645 2473 πρὸς
1666 2417 1836 2473 Περσέα

424 2498 622 2552 πόλεμον,
647 2497 953 2551 ιἰπελογίσατο·
985 2494 1301 2551 παραπλησίως
1315 2495 1357 2536 δὲ
1375 2496 1443 2537 καὶ
1457 2495 1552 2550 περὶ
1575 2499 1648 2537 τοῦ
1664 2495 1837 2549 πέμψαι

424 2575 695 2631 πρεσβευτὰς
716 2574 810 2619 τοὺς
831 2573 1207 2629 παρακαθέξοντας
1221 2572 1296 2624 τὴν
1317 2576 1400 2614 τῶν
1414 2576 1620 2615 Γαλατῶν
1635 2572 1838 2615 ἀπόνοιαν

427 2653 497 2694 καὶ
546 2653 681 2694 πάλιν
731 2652 786 2696 εἰς
826 2651 902 2703 τὴν
941 2651 987 2703 ἐξ
1025 2651 1160 2705 ἀρχῆς
1200 2649 1350 2693 αὐτοὺς
1399 2650 1838 2702 ἀποκαταστήσοντας

427 2731 617 2772 διάθεσιν
637 2731 906 2784 παρεκάλεσε
928 2728 996 2770 διὰ
1017 2727 1238 2770 πλειόνων.
1576 2738 1671 2780 (xxx,
1693 2738 1787 2779 1—3‚)

493 2847 502 2866 ¹
528 2847 622 2879 Book
639 2847 718 2878 xxii.
738 2847 765 2878 is
781 2845 906 2888 mostly
921 2845 995 2877 lost.
1043 2846 1108 2876 For
1124 2845 1180 2876 the
1197 2845 1285 2879 Celts
1301 2844 1335 2875 of
1350 2845 1429 2877 Asia
1443 2855 1496 2876 see
1513 2845 1608 2887 Livy,
1628 2845 1693 2876 vol.
1713 2845 1747 2876 ii.
