1980 3290
412 265 499 313 136
561 264 974 311 MONUMENTA
1008 263 1358 310 HISTORIOA
1391 263 1659 310 CELTIOA

414 393 575 456 Belgio
617 393 735 440 duce
775 393 1058 440 Macedonas
1098 391 1324 448 vicerant,
1368 392 1640 454 indignatus
1679 396 1820 453 parta

415 473 614 521 victoria
641 473 850 535 opimam
874 473 1101 534 praedam
1123 478 1170 518 et
1193 472 1397 520 Orientis
1419 471 1577 534 spoliis
1599 477 1821 518 onustam

414 563 517 603 tam
545 555 680 602 facile
707 554 921 601 relictam
949 571 1060 610 esse,
1091 554 1190 615 ipse
1217 554 1439 600 adunatis
1467 559 1658 600 centum
1686 553 1820 615 quin-

398 629 642 700 ⁴quaginta
689 636 895 682 millibus
941 635 1158 697 peditum
1204 641 1253 681 et
1300 635 1569 697 quindecim
1614 634 1820 680 millibus

415 717 630 781 equitum
686 717 734 762 in
791 716 1118 763 Macedoniam
1174 715 1405 777 irrumpit.
1474 715 1631 771 Quum
1687 731 1821 777 agros

414 799 644 861 villasque
697 797 1017 860 popularetur,
1075 796 1276 843 occurrit
1331 795 1373 842 ei
1426 812 1535 842 cum
1588 795 1821 841 instructo

415 879 624 926 exercitu
642 878 955 925 Macedonum
974 877 1249 924 Sosthenes:
1277 877 1359 922 sed
1380 875 1520 938 pauci
1543 892 1571 921 a
1593 874 1820 937 pluribus,

415 959 587 1022 trepidi
617 977 644 1006 a
674 958 943 1005 valentibus
974 957 1108 1004 facile
1137 957 1405 1004 vincuntur.
1472 958 1645 1019 Itaque
1675 972 1823 1018 quum

414 1041 530 1087 Victi
556 1058 603 1087 se
629 1041 908 1087 Macedones
934 1039 1059 1086 intra
1086 1056 1244 1085 muros
1271 1038 1460 1085 urbium
1486 1037 1819 1093 condidissem,

415 1121 567 1168 victor
587 1122 802 1167 Brennus
830 1121 1015 1167 nemine
1042 1120 1322 1182 prohibente
1343 1119 1491 1165 totius
1519 1118 1822 1165 Macedoniae

415 1219 550 1264 agros
593 1202 921 1263 depraedatur.
989 1202 1106 1248 Inde
1149 1201 1283 1264 quasi
1322 1206 1506 1247 terrena
1536 1200 1632 1245 iam
1674 1198 1822 1260 spolia
1879 1261 1884 1266 ἡ

415 1283 671 1338 sorderent,
707 1282 919 1328 animum
952 1283 1014 1328 ad
1046 1283 1241 1328 deorum
1272 1281 1614 1327 immortalium
1645 1279 1823 1341 templa

415 1364 664 1420 convertit,
713 1363 965 1410 scurriliter
1009 1363 1191 1409 iocatus
1238 1362 1472 1425 locupletes
1517 1362 1619 1408 deos
1665 1361 1825 1422 larqirz'

416 1445 675 1492 hominibus
696 1453 904 1506 oportere.
971 1444 1146 1491 Statim
1167 1443 1310 1506 igitur
1329 1442 1538 1504 Delphos
1558 1442 1648 1487 iter
1664 1440 1823 1497 vertit,

415 1526 643 1588 praedam
678 1525 901 1587 religioni,
942 1542 1111 1571 aurum
1149 1525 1352 1571 offensae
1401 1524 1597 1569 deorum
1638 1522 1824 1568 immor-

416 1606 586 1653 talium
605 1606 870 1668 praeferens
893 1622 901 1652 :
942 1623 1050 1667 quos
1071 1606 1213 1652 nullis
1237 1605 1399 1667 opibus
1424 1620 1555 1665 eqere,
1580 1612 1628 1650 ut
1653 1604 1733 1665 qui
1752 1619 1828 1649 eas

418 1687 578 1748 larqiri
601 1687 861 1733 hominibus
891 1687 1073 1742 soleam,
1108 1686 1425 1732 adfirmabat.l

1404 1750 1553 1792 (Justin,
1572 1750 1668 1783 xxiv.
1687 1749 1736 1791 6.)

507 1893 666 1941 XVII.
703 1894 834 1940 Inter
852 1894 969 1940 duos
987 1911 1129 1956 reges,
1146 1894 1439 1956 Antigonum
1457 1899 1505 1939 et
1523 1892 1826 1949 Antiochum,

419 1979 605 2021 statuta
643 1991 772 2036 pace,
815 1992 963 2037 quum
1001 1975 1050 2021 in
1089 1975 1416 2021 Macedoniam
1454 1974 1722 2036 Antigonus
1760 1989 1829 2019 re-

419 2059 696 2110 verteretur,
733 2072 885 2101 novus
920 2055 1071 2101 eidem
1105 2061 1297 2117 repente
1331 2054 1479 2101 hostis
1515 2059 1707 2100 exortus
1742 2058 1826 2099 est.

422 2135 605 2196 Quippe
636 2135 769 2191 Galli,
795 2136 875 2198 qui
897 2154 923 2182 a
953 2137 1140 2182 Brenno
1170 2136 1300 2191 duce,
1333 2152 1481 2197 quum
1509 2135 1557 2180 in
1586 2133 1831 2181 Graeciam

419 2215 802 2277 proficisceretur,
849 2216 909 2261 ad
959 2216 1183 2262 terminos
1233 2215 1384 2277 gentis
1432 2215 1633 2260 tuendos
1683 2213 1832 2260 relicti

421 2296 626 2351 fuerant,
669 2312 728 2341 ne
768 2296 852 2342 soli
892 2296 1073 2342 desides
1112 2296 1398 2350 viderentur,
1440 2294 1657 2356 peditum
1697 2294 1831 2357 quin·

423 2377 574 2423 decim
594 2376 753 2431 millia,
778 2377 993 2439 equitum
1014 2377 1105 2422 tria
1126 2376 1271 2422 millia
1293 2381 1613 2430 armaverunt,
1637 2375 1832 2436 fugatis-

421 2473 513 2519 que
572 2456 801 2503 Getarum
863 2456 1266 2520 Triballorumque
1331 2455 1474 2518 copiis
1534 2455 1835 2501 Macedoniae

486 2584 493 2603 ¹
517 2585 660 2616 Justin’s
681 2588 825 2616 account
846 2586 879 2616 of
900 2586 956 2616 the
978 2586 1167 2626 oporations
1195 2588 1231 2615 at
1258 2584 1379 2625 Delphi
1400 2593 1512 2624 agrees
1533 2583 1614 2614 with
1636 2583 1714 2614 that
1735 2584 1834 2623 given

419 2635 464 2675 by
486 2636 679 2672 Pausanias,
702 2636 769 2667 and
791 2637 817 2667 is
840 2639 900 2667 not
923 2636 1057 2676 quoted.
1104 2635 1230 2671 Justin,
1253 2635 1416 2671 however,
1440 2635 1608 2665 mentions
1637 2637 1704 2665 two
1728 2633 1830 2665 Celtic

416 2688 592 2719 chieftains
610 2689 683 2719 who
707 2689 750 2719 do
775 2692 835 2719 not
859 2699 983 2729 appear
1006 2689 1039 2719 in
1066 2688 1256 2724 Pausanias,
1275 2686 1419 2727 namely,
1438 2686 1587 2717 Emanus
1604 2686 1671 2717 and
1689 2685 1826 2716 Thessa-

417 2737 506 2770 lorus
532 2739 670 2777 (Justin,
689 2740 778 2770 xxiv.
797 2750 823 2770 c.
843 2740 924 2778 vii).
