1980 3290
386 258 474 306 160
537 256 949 304 MONUMENTA
992 255 1343 302 HISTORIOA
1388 254 1683 303 CELTIOA²3

389 387 458 429 καὶ
480 385 556 438 τὴν
576 384 764 427 καθόλου
795 383 1083 439 στενοχωρίαν
1114 387 1187 435 τῆς
1217 382 1393 430 πόλεως,
1417 385 1621 439 ἐγχειρεῖν
1650 402 1802 439 παραι-

390 465 555 506 τεῖσθαι
575 463 696 518 μέρος
717 481 757 504 τι
778 466 861 504 τῶν
882 463 928 514 ἐξ
947 461 1157 515 ὁμολόγου
1173 461 1570 517 προσοφειλομένων
1591 462 1801 517 ὀψωνίων,

389 542 537 586 εὐθέως
569 541 748 596 διαφορὰ
769 541 839 582 καὶ
861 540 1014 583 στάσις
1044 540 1238 593 ἐγεννᾶτο
1270 540 1340 581 καὶ
1361 540 1592 594 συνδρομαὶ
1614 543 1804 595 συνεχεῖς

389 621 586 676 ἐγίνοντο,
609 619 713 661 ποτὲ
732 619 807 672 μὲν
829 618 937 659 κατὰ
958 617 1055 671 γένη
1078 618 1181 659 ποτὲ
1203 618 1236 658 δ’
1258 617 1359 671 ὁμοῦ
1380 618 1564 659 πάντων.
1626 620 1678 661 ὡς
1700 617 1733 658 δ’
1754 618 1805 660 ἂν

388 699 484 754 μήθ’
507 697 715 752 ὁμοεθνῶν
735 697 832 751 μήθ’
854 695 1136 749 ὁμογλώττων
1160 695 1451 751 ὑπαρχόντων,
1476 697 1525 748 ἣν
1546 695 1713 749 ἀμιξίας
1735 696 1804 737 καὶ

391 776 576 833 θορύβου
599 776 669 817 καὶ
690 779 763 827 τῆς
791 773 1019 828 λεγομένης
1050 773 1209 829 τύρβης
1239 778 1398 829 πλῆρες
1429 773 1476 814 τὸ
1501 772 1803 828 στρατόπεδον.

498 887 506 895 .
550 855 661 906 ἦσαν
700 853 781 908 γὰρ
821 853 861 894 οἱ
898 852 973 905 μὲν
1007 853 1174 907 Ἴβηρες
1214 853 1253 893 οἱ
1293 851 1335 893 δὲ
1385 850 1554 898 Κελτοί,
1606 851 1711 895 τινὲς
1763 851 1806 893 δὲ

390 936 637 986 Λιγυστῖνοι
668 932 737 973 καὶ
769 933 1006 985 Βαλιαρεῖς,
1039 930 1115 971 οὐκ
1146 929 1283 983 ὀλίγοι
1314 929 1357 971 δὲ
1386 928 1646 983 μιξέλληνες,
1679 929 1736 971 ὧν
1767 930 1806 971 οἱ

389 1010 561 1054 πλείους
582 1009 812 1062 αὐτόμολοι
843 1008 913 1050 καὶ
945 1008 1100 1049 δοῦλοι·
1161 1007 1209 1048 τὸ
1241 1007 1284 1049 δὲ
1303 1007 1504 1061 μέγιστον
1527 1006 1647 1062 μέρος
1669 1009 1806 1049 αὐτῶν

390 1091 440 1142 ἧν
470 1088 640 1139 Λίβυες.
687 1120 694 1128 .
740 1120 748 1128 .
795 1120 802 1127 .
850 1086 1204 1138 διαπιστήσαντες
1235 1085 1277 1126 δὲ
1308 1089 1393 1129 τοῖς
1424 1084 1533 1126 κατὰ
1561 1084 1683 1140 μέρος
1712 1086 1805 1138 ἡγε-

389 1166 526 1221 μόσιν,
562 1164 874 1221 ἐξοργισθέντες
908 1163 950 1205 δὲ
985 1163 1089 1218 πρὸς
1125 1163 1219 1207 τοὺς
1255 1162 1572 1218 Καρχηδονίους
1604 1162 1806 1218 ὥρμησαν

390 1244 495 1300 πρὸς
526 1242 602 1296 τὴν
631 1242 772 1290 πόλιν,
807 1242 876 1284 καὶ
908 1240 1385 1296 κατεστρατοπέδευσαν
1415 1239 1647 1295 ἀπέχοντες
1678 1242 1731 1284 ὡς
1755 1240 1806 1282 ἂν

391 1321 542 1364 ἑκατὸν
563 1321 633 1363 καὶ
655 1322 787 1362 εἴκοσι
809 1319 964 1361 στάδια
986 1323 1059 1371 τῆς
1076 1317 1364 1374 Καρχηδόνος,
1388 1319 1456 1360 ἐπὶ
1478 1321 1536 1374 τῷ
1559 1317 1804 1372 καλουμένῳ

390 1400 554 1452 Τύνητι,
578 1398 750 1443 πλείους
771 1399 885 1442 ὄντες
905 1401 988 1439 τῶν
1010 1396 1250 1452 δισμυρίων.
1285 1430 1293 1438 .
1328 1430 1336 1438 .
1371 1428 1378 1437 .

475 1476 942 1533 Πεφρονηματισμένων
959 1475 1002 1517 δὲ
1015 1476 1085 1517 καὶ
1101 1474 1391 1528 πεπεισμένων
1409 1475 1475 1516 διὰ
1491 1475 1586 1519 τοὺς
1603 1492 1805 1530 προγεγο-

392 1555 515 1600 νότας
555 1558 695 1600 αὐτοῖς
735 1556 777 1597 ἐν
817 1552 993 1611 Σικελία
1032 1553 1137 1609 πρὸς
1177 1553 1229 1594 τὰ
1274 1553 1487 1607 Ῥωμαϊκὰ
1536 1552 1807 1609 στρατόπεδα

392 1634 604 1678 κινδύνους
642 1633 699 1688 μὴ
740 1634 826 1675 οἷον
867 1631 1184 1688 Καρχηδονίους
1223 1631 1584 1686 ἀντοφθαλμῆσαί
1621 1632 1716 1673 ποτ’
1756 1631 1808 1673 ἂν

392 1713 497 1768 πρὸς
519 1713 668 1756 αὐτοὺς
690 1713 731 1754 ἐν
753 1715 839 1755 τοῖς
860 1712 1019 1757 ὅπλοις,
1039 1710 1156 1751 ἀλλὰ
1176 1710 1280 1763 μηδὲ
1296 1713 1379 1752 τῶν
1393 1713 1558 1752 λοιπῶν
1573 1709 1808 1765 ἀνθρώπων

392 1791 548 1846 μηδένα
578 1790 743 1848 ῥαδίως.
805 1788 948 1844 διόπερ
984 1789 1071 1843 ἅμα
1106 1791 1164 1844 τῷ
1200 1793 1483 1844 συγχωρῆσαι
1513 1788 1566 1830 τὰ
1597 1789 1693 1844 περὶ
1725 1791 1808 1830 τῶν

394 1868 594 1924 ὀψωνίων
629 1870 768 1912 αὐτοῖς
803 1867 897 1911 τοὺς
933 1866 1251 1922 Καρχηδονίους
1286 1866 1434 1911 εὐθέως
1473 1866 1698 1917 ἐπέβαινον
1738 1866 1807 1907 καὶ

394 1951 477 1990 τῶν
498 1947 735 1989 τεθνεώτων
767 1946 909 1988 ἵππων
939 1946 1131 2000 ἀπῄτουν
1161 1945 1235 1989 τὰς
1265 1945 1398 1998 ἀξίας,
1458 1944 1808 2000 προσδεξαμένων

394 2026 437 2068 δὲ
472 2027 542 2068 καὶ
578 2030 712 2073 τοῦτο,
749 2025 883 2067 πάλιν
923 2029 995 2076 τῆς
1034 2023 1419 2079 προσοφειλομένης
1459 2023 1724 2079 σιτομετρίας
1763 2023 1808 2064 ἐκ

394 2104 588 2149 πλείονος
608 2103 764 2160 χρόνου
786 2102 862 2155 τὴν
882 2102 1087 2156 μεγίστην
1106 2106 1327 2156 γεγονυῖαν
1349 2103 1390 2144 ἐν
1412 2105 1469 2158 τῷ
1491 2101 1662 2156 πολέμῳ
1685 2100 1808 2155 τιμὴν
