1980 3290
381 240 468 287 256
530 240 941 288 MONUMENTA
982 239 1330 288 HISTORIOA
1373 238 1638 287 OELTICA

379 368 420 409 οἳ
449 368 668 424 κατῴκουν
706 368 864 423 μεταξὺ
897 372 969 410 τοῦ
1003 368 1150 410 Πάδου
1183 368 1253 410 καὶ
1286 371 1359 410 τοῦ
1389 366 1551 423 Τρεβία
1583 371 1786 421 ποταμοῦ,

378 445 682 499 πεποιημένους
700 446 775 500 μὲν
805 446 876 488 καὶ
907 444 1012 501 πρὸς
1043 444 1343 501 αὑτὸν-φιλίαν
1365 443 1726 498 διαπεμπομένους
1748 443 1790 485 δὲ

378 523 448 565 καὶ
481 524 586 579 πρὸς
618 523 856 578 Ῥωμαίους,
891 524 962 566 καὶ
994 523 1299 578 πεπεισμένους
1339 524 1397 579 τῷ
1438 522 1610 577 τοιούτῳ
1644 521 1787 578 τρόπῳ

376 601 452 654 τὴν
473 602 571 657 παρ’
603 603 760 658 ἀμφοῖν
790 601 1033 657 ἀσφάλειαν
1064 601 1204 646 αὑτοῖς
1236 600 1447 656 ὑπάρξειν,
1481 600 1788 654 ἐξαποστέλλει

375 679 523 730 πεζοὺς
553 679 628 733 μὲν
661 678 899 735 δισχιλίους
932 679 1076 724 ἱππεῖς
1107 679 1150 721 δὲ
1181 678 1369 723 Κελτοὺς
1399 679 1469 720 καὶ
1500 678 1703 732 Νομάδας
1733 678 1789 723 εἰς

373 756 552 813 χιλίους,
586 758 834 814 προστάξας
865 757 1108 813 ἐπιδραμεῖν
1139 759 1278 799 αὐτῶν
1309 756 1384 810 τὴν
1408 757 1570 813 χώραν.
1631 759 1714 798 τῶν
1745 756 1787 798 δὲ

374 835 629 890 πραξάντων
650 835 697 877 τὸ
719 835 995 891 προσταχθὲν
1016 836 1086 877 καὶ
1104 835 1274 888 πολλὴν
1289 834 1637 890 περιβαλομένων
1652 834 1784 882 λείαν,

373 913 522 959 εὐθέως
554 914 593 956 οἱ
625 915 781 956 Κελτοὶ
815 917 1018 970 παρῆσαν
1050 913 1120 955 ἐπὶ
1152 913 1224 956 τὸν
1253 913 1429 969 χάρακα
1460 916 1542 955 τῶν
1572 912 1787 968 Ῥωμαίων

373 991 554 1046 δεόμενοι
594 992 721 1048 σφίσι
760 991 944 1044 βοηθεῖν.
1004 991 1201 1047 Τεβέριος
1252 991 1295 1033 δὲ
1343 990 1414 1033 καὶ
1464 990 1603 1032 πάλαι
1654 992 1786 1043 ζητῶν

371 1070 565 1126 ἀφορμὴν
586 1074 659 1112 τοῦ
682 1070 884 1125 πράττειν
905 1088 963 1117 τι,
987 1069 1082 1112 τότε
1097 1069 1250 1120 λαβὼν
1271 1068 1490 1125 πρόφασιν
1510 1068 1786 1123 ἐξαπέστειλε

371 1150 455 1189 τῶν
482 1148 557 1202 μὲν
589 1148 754 1191 ἱππέων
784 1147 831 1190 τὸ
861 1148 1231 1204 πλεῖστον”μέρος,
1265 1149 1412 1201 πεζοὺς
1443 1148 1485 1191 δὲ
1515 1147 1594 1190 σὺν
1624 1147 1785 1192 τούτοις

371 1226 624 1272 ἀκοντιστὰς
657 1227 712 1271 εἰς
743 1226 923 1283 χιλίους.
984 1226 1151 1282 σπουδῇ
1185 1227 1227 1269 δὲ
1260 1227 1417 1269 τούτων
1456 1225 1784 1283 προσμιξάντων

371 1303 505 1360 πέραν
527 1309 599 1348 τοῦ
620 1305 782 1361 Τρεβία
802 1306 874 1347 καὶ
896 1305 1216 1361 διαμαχομένων
1238 1310 1321 1351 τοῖς
1343 1304 1559 1359 πολεμίοις
1585 1304 1689 1361 ὑπὲρ
1711 1308 1784 1357 τῆς

369 1382 498 1431 λείας,
540 1383 790 1439 ἐτράπησαν
830 1384 869 1426 οἱ
904 1384 1062 1426 Κελτοὶ
1103 1384 1181 1426 σὺν
1222 1388 1306 1429 τοῖς
1345 1383 1555 1438 Νομάσιν,
1597 1383 1668 1425 καὶ
1709 1382 1784 1436 τὴν

371 1462 651 1518 ἀποχώρησιν
673 1462 743 1504 ἐπὶ
766 1461 837 1504 τὸν
859 1462 1018 1504 ἑαυτῶν
1040 1463 1256 1505 ἐποιοῦντο
1277 1462 1464 1519 χάρακα.

1479 1537 1543 1578 (iii.
1565 1537 1635 1578 69.)

455 1630 659 1672 XLVHI.
693 1630 848 1673 Έτίθει
870 1630 902 1671 δ’
928 1630 992 1672 ἐπ’
1017 1629 1144 1673 αὐτὸν
1163 1630 1238 1685 μὲν
1269 1629 1340 1672 τὸν
1362 1629 1565 1684 ποταμόν,
1598 1630 1668 1672 ἐπὶ
1699 1632 1782 1672 τῶν

367 1707 597 1762 εὐωνύμων,
621 1709 716 1754 τοὺς
730 1709 908 1764 ’Ἴβηρας
930 1709 1000 1752 καὶ
1022 1709 1209 1755 Κελτοὺς
1232 1709 1376 1754 ἱππεῖς
1407 1708 1571 1753 ἀντίους
1592 1712 1678 1753 τοῖς
1699 1711 1782 1750 τῶν

367 1785 582 1839 Ῥωμαίων
604 1787 796 1834 ἱππεῦσι,
830 1791 1020 1843 συνεχεῖς
1051 1787 1093 1829 δὲ
1124 1787 1285 1832 τούτοις
1316 1787 1464 1839 πεζοὺς
1494 1786 1588 1832 τοὺς
1619 1785 1781 1840 ἡμίσεις

367 1866 450 1905 τῶν
489 1865 531 1906 ἐν
570 1869 655 1910 τοῖς
694 1865 852 1921 βαρέσι
892 1867 1206 1920 καθοπλισμοῖς
1249 1865 1436 1917 Λιβύων,
1479 1865 1573 1917 ἑξῆς
1613 1863 1656 1906 δὲ
1695 1868 1780 1909 τοῖς

366 1941 590 1997 εἰρημένοις
605 1943 783 1999 Ἴβηρας
815 1943 885 1985 καὶ
911 1943 1112 1989 Κελτούς.
1174 1944 1291 1999 παρὰ
1315 1944 1357 1986 δὲ
1378 1943 1538 1988 τούτοις
1560 1941 1607 1984 τὸ
1627 1941 1779 1984 λοιπὸν

363 2019 485 2075 μέρος
517 2021 639 2073 ἔθηκε
671 2024 754 2063 τῶν
784 2021 970 2072 Λιβύων,
1003 2022 1072 2064 ἐπὶ
1104 2021 1147 2063 δὲ
1177 2026 1250 2064 τοῦ
1281 2021 1415 2074 δεξιοῦ
1446 2021 1573 2077 κέρως
1604 2019 1780 2072 ἐπέταξε

364 2097 459 2142 τοὺς
490 2098 757 2152 Νομαδικοὺς
790 2099 946 2143 ἱππεῖς.
1007 2099 1097 2141 ἐπεὶ
1130 2099 1172 2141 δὲ
1205 2099 1327 2141 πάντ’
1369 2100 1438 2142 ἐπὶ
1476 2098 1578 2153 μίαν
1617 2099 1778 2140 εὐθεῖαν

363 2174 545 2227 ἐξέτεινε,
567 2176 672 2230 μετὰ
694 2180 829 2219 ταῦτα
848 2177 1000 2227 λαβὼν
1021 2176 1073 2218 τὰ
1086 2176 1198 2230 μέσα
1212 2177 1488 2233 τῶνἸβήρων
1509 2176 1579 2218 καὶ
1602 2178 1778 2218 Κελτῶν

364 2253 562 2307 τάγματα
602 2258 772 2309 προῆνγε,
816 2254 886 2296 καὶ
927 2255 1070 2297 τᾶλλα
1110 2255 1271 2300 τούτοις
1304 2256 1349 2296 ἐκ
1385 2258 1458 2298 τοῦ
1498 2254 1608 2297 κατὰ,
1646 2253 1776 2308 λό’γον

364 2331 601 2387 παρίστανε
654 2334 870 2386 ζυΎοῦντα,
921 2332 1129 2387 μηνοειδὲς
1179 2336 1311 2375 ποιῶν
1360 2332 1407 2374 τὸ
1457 2332 1655 2389 κύρτωμα
1704 2333 1775 2374 καὶ

361 2410 581 2452 λεπτύνων
620 2410 667 2452 τὸ
700 2411 858 2453 τούτων
889 2413 1028 2454 αὐτῶν
1064 2416 1225 2468 σχῆμα,
1266 2410 1525 2465 βουλόμενος
1564 2410 1775 2467 ἐφεδρείας
