1980 3290
396 267 484 315 196
553 266 966 314 MONUMENTA
1000 266 1349 315 HISTORICA
1388 267 1653 315 CELTICA

397 395 672 451 ἐπιφέρεσθαι
700 395 903 437 κίνδυνον.
964 395 1160 451 ἔπασχον
1201 395 1244 438 δὲ
1276 396 1387 438 τοῦτ’
1415 395 1595 444 εἰκότως,
1626 396 1686 439 ἔτι
1717 397 1813 453 περὶ

397 476 603 516 Γαλατῶν
643 472 929 527 ἐγκαθημένου
975 476 1066 518 ταῖς
1115 478 1283 530 ψυχαῖς
1323 476 1460 517 αὐτῶν
1506 477 1581 516 τοῦ
1626 479 1814 517 παλαιοῦ

397 552 549 608 φόβου.
611 552 673 593 διὸ
695 551 764 593 καὶ
786 551 892 606 πρὸς
919 551 1076 604 ταύτην
1090 552 1366 608 ἀναφέροντες
1387 551 1463 604 τὴν
1485 552 1644 595 ἔννοιαν
1666 553 1718 595 τὰ
1738 553 1814 607 μὲν

397 630 668 686 συνήθροιζον
696 630 748 672 τὰ
780 629 823 671 δὲ
853 629 1120 686 κατέγραφον
1150 631 1432 686 στρατόπεδα,
1465 634 1551 675 τοῖς
1582 630 1616 672 δ’
1639 630 1814 685 ἑτοίμοις

396 709 501 751 εἶναι
527 708 830 764 παρήγγελλον
862 711 944 750 τῶν
975 710 1227 764 συμμάχων.
1286 709 1474 751 καθόλου
1495 708 1539 751 δὲ
1560 713 1644 754 τοῖς
1666 711 1813 751 ὑποτε-

397 786 615 840 ταγμένοις
669 787 891 843 ἀναφέρειν
932 786 1139 840 ἐπέταξαν
1193 787 1447 842 ἀπογραφὰς
1501 790 1584 829 τῶν
1639 789 1681 829 ἐν
1723 790 1814 831 ταῖς

398 864 593 917 ἡλικίαις,
645 865 953 917 σπουδάζοντες
1005 864 1154 907 εἰδέναι
1204 865 1252 906 τὸ
1303 865 1478 919 σύμπαν
1527 866 1692 919 πλῆθος
1742 869 1815 917 τῆς

399 943 675 999 ὑπαρχούσης
706 945 846 987 αὐτοῖς
876 943 1098 997 δυνάμεως.
1160 943 1282 985 σίτου
1304 943 1438 986 δὲκαὶ
1467 947 1612 996 βελῶν
1641 945 1710 987 καὶ
1741 947 1814 996 τῆς

398 1022 534 1073 ἄλλης
561 1021 896 1074 ἐπιτηδειότητος
919 1021 1025 1077 πρὸς
1052 1021 1240 1075 πόλεμον
1271 1023 1530 1075 τηλικαύτην
1561 1022 1814 1075 ἐποιήσαντο

398 1099 665 1152 κατασκευὴν
687 1099 840 1153 ἡλίκην
861 1099 992 1144 οὐδείς
1022 1118 1090 1142 πω
1110 1101 1353 1154 μνημονεύει
1384 1101 1600 1157 πρότερον.
1661 1118 1813 1156 συνηρ-

397 1182 510 1232 γεῖτο
545 1178 578 1219 δ’
619 1180 760 1222 αὐτοῖς
800 1180 943 1220 πάντα
980 1178 1049 1220 καὶ
1089 1179 1362 1234 πανταχόθεν
1404 1178 1586 1233 ἑτοίμως·
1630 1196 1813 1221 καταπε-

397 1256 632 1310 πληγμένοι
659 1257 741 1313 γὰρ
769 1258 808 1299 οἱ
831 1256 908 1309 τὴν
934 1257 1124 1299 Ἰταλίαν
1152 1257 1357 1303 οἰκοῦντες
1382 1257 1459 1310 τὴν
1494 1261 1576 1299 τῶν
1608 1259 1816 1298 Γαλατῶν

398 1335 559 1391 ἔφοδον,
595 1335 731 1378 οὐκέτι
761 1335 979 1388 Ῥωμαίοις
1012 1337 1188 1388 ἡγοῦντο
1220 1341 1462 1392 συμμαχεῖν
1493 1336 1585 1378 οὐδὲ
1616 1335 1712 1391 περὶ
1743 1338 1816 1387 τῆς

398 1414 556 1455 τούτων
584 1413 803 1467 ἡγεμονίας
835 1413 1029 1467 γίνεσθαι
1070 1413 1143 1455 τὸν
1175 1414 1373 1467 πόλεμον,
1410 1415 1526 1456 ἀλλὰ
1567 1415 1663 1470 περὶ
1694 1416 1815 1468 σφῶν

405 1492 589 1545 ἐνόμιζον
611 1493 783 1534 ἕκαστοι
806 1493 875 1535 καὶ
890 1496 962 1544 τῆς
984 1492 1089 1537 ἰδίας
1111 1492 1275 1537 πόλεως
1292 1494 1362 1535 καὶ
1384 1494 1526 1549 χώρας
1540 1492 1815 1548 ἐπιφέρεσθαι

399 1571 471 1613 τὸν
493 1570 695 1618 κίνδυνον,
712 1570 854 1627 διόπερ
871 1571 1044 1624 ἑτοίμως
1058 1575 1142 1615 τοῖς
1158 1572 1576 1626 παραγγελλομένοις
1590 1571 1813 1623 ὑπήκουον.

1524 1640 1574 1684 (ii.
1597 1640 1666 1679 23.)

485 1736 653 1776 XVIII.
677 1733 773 1775 Ἵνα
804 1733 846 1775 δὲ
877 1733 1092 1788 συμφανὲς
1123 1733 1188 1776 ἐπ’
1213 1735 1350 1776 αὐτῶν
1380 1733 1551 1787 γένηται
1579 1735 1660 1774 τῶν
1683 1732 1815 1788 ἔργων

399 1813 560 1866 ἡλίκοις
581 1812 784 1863 Ἀννίβας
806 1811 1016 1865 ἐτόλμησε
1036 1813 1286 1867 πράγμασιν
1300 1811 1523 1854 ἐπιθέσθαι
1538 1811 1643 1864 μετὰ
1665 1813 1812 1856 ταῦτα,

399 1893 468 1934 καὶ
490 1891 595 1947 πρὸς
617 1892 767 1943 ἡλίκην
790 1889 1040 1932 δυναστείαν
1070 1890 1334 1945 παραβόλως
1362 1889 1724 1944 ἀντοφθαλμήσας
1745 1889 1814 1930 ἐπὶ

399 1974 576 2012 τοσοῦτο
607 1968 802 2011 καθίκετο
834 1972 906 2020 τῆς
937 1968 1176 2024 προθέσεως
1211 1968 1321 2010 ὥστε
1352 1972 1436 2012 τοῖς
1462 1967 1677 2020 μεγίστοις
1707 1984 1812 2020 συμ-

399 2050 601 2102 πτώμασι
634 2048 917 2103 περιβάλλειν
953 2046 1193 2100 Ῥωμαίους,
1226 2047 1372 2102 ῥητέον
1397 2047 1448 2088 ἂν
1480 2047 1541 2097 εἴη
1572 2044 1647 2097 τὴν
1677 2064 1812 2101 παρα-

401 2126 554 2178 σκευὴν
577 2127 646 2169 καὶ
668 2125 716 2167 τὸ
738 2125 903 2177 πλῆθος
925 2129 998 2177 τῆς
1021 2125 1297 2180 ὑπαρχούσης
1312 2126 1452 2169 αὐτοῖς
1474 2123 1569 2165 τότε
1591 2123 1812 2177 δυνάμεως.

399 2205 504 2259 μετὰ
536 2206 610 2258 μὲν
643 2203 692 2256 δὴ
728 2206 810 2244 τῶν
847 2204 1020 2245 ὑπάτων
1053 2203 1297 2255 ἐξεληλύθει
1333 2202 1515 2258 τέτταρα
1546 2201 1816 2257 στρατόπεδα

400 2284 626 2336 Ῥωμαϊκά,
649 2284 846 2325 πεντάκις
866 2281 939 2334 μὲν
960 2280 1126 2336 χιλίους
1149 2282 1218 2322 καὶ
1241 2280 1479 2324 διακοσίους
1503 2279 1652 2330 πεζοὺς
1674 2279 1817 2323 ἱππεῖς

402 2362 445 2404 δὲ
480 2360 745 2416 τριακοσίους
778 2360 876 2414 ἔχον
917 2360 1110 2401 ἕκαστον·
1153 2360 1372 2414 σύμμαχοι
1410 2358 1453 2399 δὲ
1487 2358 1576 2411 μεθ’
1610 2357 1817 2413 ἑκατέρων

403 2441 513 2495 ἦσαν
534 2439 573 2482 οἱ
594 2440 802 2494 συνάμφω
833 2438 950 2490 πεζοὶ
983 2437 1057 2491 μὲν
1089 2437 1337 2493 τρισμύριοι,
1369 2436 1575 2494 δισχίλιοι
1603 2436 1637 2477 δ’
1660 2436 1803 2481 ἱππεῖς
