1980 3290
406 284 493 331 150
561 285 974 332 MONUMENTA
1007 286 1354 334 HISTORICA
1389 287 1654 336 CELTICA

407 414 509 470 Quo
543 415 670 462 facto
703 416 752 462 in
784 415 1030 478 utriusque
1064 417 1267 464 consulis
1298 417 1508 465 exercitu
1539 418 1810 482 octingenta

404 495 532 541 milia
585 502 879 543 armatorum
931 497 1072 544 fuisse
1124 498 1404 555 referuntur,
1461 498 1583 545 sic-ut
1634 500 1810 547 Fabius

404 576 666 633 historicus,
718 577 798 640 qui
845 577 997 624 eidem
1043 579 1164 625 bello
1212 579 1441 635 interfuit,
1484 579 1681 641 scripsit.
1736 580 1813 627 Ex

405 657 576 719 quibus
598 659 924 705 Romanorum
945 664 993 705 et
1015 659 1365 721 Campanorum
1385 660 1577 707 fuerunt
1596 660 1813 722 peditum

405 737 729 786 CCCXLVIII
778 739 906 785 milia
956 740 1163 797 ducenti,
1215 739 1432 803 equitum
1483 757 1595 788 uero
1645 742 1814 789 XXVI

405 818 532 865 milia
576 820 804 877 sescentig
855 826 1009 867 cetera
1053 821 1312 868 multitudo
1357 821 1591 868 sociorum
1642 822 1804 869 fuit:

406 900 593 962 Eutrop.
619 900 679 946 iii.
706 901 747 947 5.
814 902 865 949 L.
891 902 1089 949 Aemilio
1113 903 1302 949 consule
1331 902 1543 965 ingentes
1573 903 1817 951 Gallorum

405 981 567 1042 copiae
590 982 732 1043 Alpes
755 983 1057 1040 transierunt,
1083 984 1164 1030 sed
1186 1000 1271 1045 pro
1295 983 1523 1030 Romanis
1545 989 1650 1031 tota
1674 984 1812 1031 Italia

405 1063 654 1119 consensit,
700 1063 1026 1127 traditumque
1069 1070 1141 1111 est
1183 1081 1211 1111 a
1254 1064 1402 1111 Fabio
1454 1064 1689 1122 historico,
1736 1065 1816 1128 qui

405 1143 446 1189 ei
490 1144 611 1191 bello
654 1143 883 1201 interfuit,
918 1144 1075 1191 DCCC
1108 1145 1236 1192 milia
1269 1145 1517 1192 hominum
1546 1151 1716 1207 parata
1756 1146 1818 1192 ad

405 1225 454 1272 id
506 1226 682 1272 bellum
724 1226 878 1273 fuisse.
940 1224 1032 1273 Sed
1074 1242 1147 1273 res
1198 1243 1282 1288 per
1335 1227 1575 1273 consulem
1626 1232 1819 1274 tantum

405 1323 626 1369 prospere
653 1313 784 1369 gesta
813 1314 897 1354 est.
927 1308 1017 1354 XL
1041 1307 1170 1354 milia
1199 1307 1412 1354 hostium
1435 1307 1683 1354 interfecta
1707 1313 1821 1355 sunt

406 1393 454 1434 et
487 1387 756 1449 triumphus
785 1389 983 1435 Aemilio
1016 1389 1244 1436 decretus.

646 1468 695 1512 (H
698 1470 913 1504 istoricorum
937 1471 1174 1504 Romanorum
1200 1470 1418 1513 Fraqmenta,
1439 1480 1474 1513 p.
1493 1470 1548 1510 30,
1566 1469 1654 1513 frag.
1673 1469 1742 1514 23.)
