1980 3290
377 255 467 303 254
516 256 928 306 MONUMENTA
961 257 1307 307 HISTORIOA
1342 259 1606 307 OELTIOA

377 385 433 429 εἰς
454 384 528 429 τὰς
548 386 690 428 αὑτῶν
720 385 877 433 πόλεις,
912 385 1183 438 δηλώσοντας
1212 388 1288 442 μὲν
1318 388 1371 430 τὰ
1395 388 1675 443 πεπραγμένα
1707 393 1794 434 τοῖς

376 461 584 510 πολίταις,
620 462 1002 519 παρακαλέσοντας
1035 463 1077 506 δὲ
1109 464 1214 521 πρὸς
1246 465 1322 518 τὴν
1354 467 1483 508 αὑτοῦ
1523 466 1788 522 συμμαχίαν·

373 542 461 596 ᾔδει
490 544 572 599 γὰρ
603 545 667 586 ὅτι
698 545 854 589 πάντες
884 544 975 586 κατ’
1007 543 1195 598 ἀνάγκην
1225 547 1340 602 αὐτῷ
1372 545 1677 598 κοινωνήσουσι
1708 550 1791 589 τῶν

373 621 649 675 πραγμάτων,
673 621 911 675 ἐπιγνόντες
933 620 979 663 τὸ
1001 621 1169 674 γεγονὸς
1190 623 1236 663 ἐκ
1257 625 1340 664 τῶν
1361 621 1576 678 σφετέρων
1597 627 1789 666 πολιτῶν

375 698 722 753 παρασπόνδημα
743 699 853 741 κατὰ
874 702 957 741 τῶν
970 698 1198 753 Ῥωμαίων.
1260 700 1348 754 ἅμα
1370 700 1411 742 δὲ
1433 699 1593 745 τούτοις
1614 701 1684 743 καὶ
1706 705 1790 744 τῶν

375 775 511 818 Βοίων
541 775 893 832 παραγεγονότων
922 776 992 818 καὶ
1024 775 1118 821 τοὺς
1151 780 1258 832 τρεῖς
1291 777 1442 832 ἄνδρας
1474 777 1789 833 ἐγχειριζόντων

376 856 491 911 αὐτῷ
532 855 638 911 τοὺςῖ
667 855 736 897 ἐπὶ
786 855 862 908 τὴν
912 855 1101 898 διάδοσιν
1151 860 1224 909 τῆς
1262 856 1406 912 χώρας
1449 857 1532 899 ὑπὸ
1574 856 1789 911 Ῥωμαίων

375 932 782 987 ἐξαπεσταλμένους,
817 934 872 975 ὧν
904 934 995 975 κατ’
1036 933 1172 990 ἀρχὰς
1211 933 1456 989 ἐκυρίευσαν
1496 938 1569 977 τοῦ
1602 934 1791 989 πολέμου

376 1011 815 1067 παρασπονδήσαντες
845 1011 1038 1067 καθάπερ
1070 1012 1210 1053 ἐπάνω
1242 1016 1457 1068 προεῖπον,
1482 1013 1790 1067 ἀποδεξάμενος

373 1088 576 1140 Ἀννίβας
616 1089 692 1142 τὴν
741 1090 902 1132 εὔνοιαν
951 1091 1090 1132 αὐτῶν
1131 1090 1235 1145 ὑπὲρ
1275 1090 1350 1144 μὲν
1399 1094 1472 1143 τῆς
1521 1090 1669 1147 φιλίας
1718 1092 1789 1133 καὶ

377 1167 625 1224 συμμαχίας
655 1168 770 1210 ἔθετο
802 1167 907 1224 πρὸς
938 1168 1032 1213 τοὺς
1064 1167 1277 1224 παρόντας
1302 1167 1603 1215 πίστεις,,τούς
1633 1186 1681 1222 γε
1709 1168 1791 1222 μὴν

375 1251 528 1307 ἄνδρας
568 1253 710 1296 αὐτοῖς
751 1251 954 1299 ἀπέδωκε,
1006 1250 1302 1307 παραγγείλας
1351 1255 1501 1307 τηρεῖν,
1554 1251 1620 1293 ἵνα
1670 1251 1787 1306 παρὰ

376 1327 535 1370 τούτων
555 1328 813 1383 κομίσωνται
844 1329 939 1374 τοὺς
969 1330 1108 1370 αὑτῶν
1138 1328 1316 1384 ὁμήρους
1347 1328 1456 1370 κατὰ
1487 1328 1563 1381 τὴν
1587 1329 1634 1382 ἐξ
1657 1330 1792 1384 ἀρχῆς

377 1406 594 1463 πρόθεσιν.

1484 1468 1548 1509 (iii.
1571 1468 1642 1509 67.)

463 1571 620 1612 XLVI.
655 1569 851 1615 Πόπλιος
885 1570 927 1612 δὲ
958 1570 1226 1627 σχετλιάζων
1259 1570 1328 1612 ἐπὶ
1351 1573 1408 1626 τῷ
1433 1569 1623 1625 γεγονότι
1648 1588 1784 1627 παρα-

376 1648 657 1702 σπονδήματι,
674 1648 743 1690 καὶ
766 1649 1133 1703 συλλογισάμενος
1147 1649 1210 1691 ὅτι
1232 1649 1371 1690 πάλαι
1392 1651 1475 1691 τῶν
1490 1651 1666 1691 Κελτῶν
1687 1649 1792 1705 πρὸς

376 1725 528 1770 αὐτοὺς
549 1725 787 1782 ἀλλοτρίως
808 1726 1084 1780 διακειμένων,
1119 1726 1276 1768 τούτων
1301 1726 1605 1781 ἐπιγεγονότων
1627 1726 1791 1772 πάντας

376 1803 471 1848 τοὺς
503 1802 628 1859 πέριξ
660 1803 859 1849 Γαλάτας
891 1804 1164 1858 συμβήσεται
1199 1803 1304 1859 πρὸς
1339 1803 1433 1848 τοὺς
1474 1803 1790 1860 Καρχηδονίους

377 1881 605 1929 ἀπονεύειν,
629 1882 733 1935 ἔγνω
756 1882 839 1924 δεῖν
860 1884 1153 1935 εὐλαβηθῆναι
1178 1881 1225 1924 τὸ
1254 1882 1427 1936 μέλλον.
1462 1914 1469 1923 .
1505 1913 1512 1923 .
1546 1915 1554 1924 .
1586 1882 1790 1933 Ἀννίβας

376 1960 418 2002 δὲ
458 1960 554 2016 περὶ
603 1961 915 2016 τετταράκοντα
964 1961 1162 2005 σταδίους
1202 1961 1411 2016 ἀποσχὼν
1459 1963 1542 2002 τῶν
1577 1960 1791 2015 πολεμίων

375 2040 505 2080 αὐτοῦ
526 2038 983 2093 κατεστρατοπέδευσε.
1044 2038 1090 2080 τὸ
1113 2039 1156 2081 δὲ
1177 2042 1259 2080 τῶν
1281 2041 1457 2080 Κελτῶν
1481 2040 1646 2091 πλῆθος
1668 2038 1715 2080 τὸ
1737 2038 1789 2080 τὰ

375 2115 500 2158 πεδία
521 2120 754 2164 κατοικοῦν,
771 2116 1076 2170 συνεξεστηκὸς
1097 2121 1189 2162 ταῖς
1210 2119 1293 2158 τῶν
1307 2116 1612 2172 Καρχηδονίων
1626 2116 1786 2164 ἐλπίσι,

376 2195 574 2250 δαψιλῶς
611 2194 686 2248 μὲν
725 2194 918 2251 ἐχορήγει
957 2194 1004 2236 τὸ
1055 2193 1345 2251 στρατόπεδον
1394 2198 1478 2239 τοῖς
1527 2194 1786 2247 ἐπιτηδείοις,

376 2272 539 2326 ἕτοιμον
561 2271 592 2313 δ’
616 2273 666 2325 ἦν
687 2271 846 2317 παντὸς
876 2276 1085 2314 κοινωνεῖν
1115 2273 1238 2328 ἔργου
1268 2272 1338 2314 καὶ
1363 2271 1555 2315 κινδύνου
1576 2276 1661 2318 τοῖς
1691 2273 1787 2329 περὶ

376 2347 449 2391 τὸν
467 2348 686 2400 Ἀννίβαν.

1411 2409 1476 2451 (iii.
1497 2410 1640 2453 67·68.)

464 2502 643 2543 XLVII.
678 2499 803 2542 Μετὰ
824 2500 867 2542 δὲ
888 2503 1023 2543 ταῦτα
1044 2500 1342 2557 συνθεωρήσας
1356 2502 1471 2547 τινὰς
1492 2505 1575 2545 τῶν
1596 2504 1784 2550 Κελτῶν,
