1980 3290
488 273 545 320 30
644 272 1056 320 MONUMENTA
1089 271 1435 318 HISTORICA
1469 271 1733 320 GELTIOA

578 402 675 449 The
690 402 793 449 first
809 407 994 448 extract
1009 400 1147 463 given
1163 401 1312 448 below
1326 417 1421 447 was
1436 400 1625 447 written
1640 406 1692 447 at
1706 400 1889 447 Athens

486 484 634 530 about
662 484 751 530 444
778 497 869 530 Rc.
936 483 994 529 In
1022 481 1062 529 it
1088 482 1360 529 Herodotus
1389 482 1550 528 makes
1578 481 1659 527 the
1688 481 1889 527 Danube

486 563 576 610 rise
609 580 722 610 near
755 563 837 609 the
872 562 970 624 city
1004 564 1199 624 Pyrene.
1266 561 1376 608 This
1410 578 1538 624 gross
1573 578 1699 608 error
1734 560 1772 608 is
1806 567 1891 607 not

486 644 707 705 repeated
718 643 767 690 in
778 643 860 690 the
872 643 1043 690 second
1055 648 1252 699 extract,
1268 641 1419 689 which
1436 659 1531 689 was
1552 642 1740 689 written
1762 658 1890 688 some

488 741 623 786 years
646 725 765 771 later
788 730 840 771 at
864 723 1037 771 Thurii.
1115 725 1240 771 Here
1264 741 1332 770 we
1356 741 1434 770 are
1458 723 1559 770 told
1583 723 1664 770 the
1688 723 1891 770 Danube

487 805 599 853 rises
620 805 668 852 in
683 805 764 853 the
778 811 980 867 country
994 805 1042 852 of
1062 805 1145 852 the
1160 805 1297 861 Celts,
1323 805 1427 852 who
1449 805 1571 852 after
1592 805 1673 851 the
1693 805 1892 866 Cynetes

486 903 564 933 are
586 886 667 933 the
690 886 781 933 last
801 886 968 948 people
990 885 1039 932 in
1061 887 1276 934 Western
1299 887 1501 947 Europe.
1570 886 1667 932 The
1691 886 1890 947 Cynetes

486 967 627 1014 dwelt
647 966 696 1013 in
717 967 798 1014 the
820 972 1029 1014 extreme
1042 966 1183 1013 south
1205 967 1253 1013 of
1274 967 1530 1028 PortugaLl
1552 967 1647 1013 and
1660 966 1741 1012 the
1763 966 1887 1013 Oelts

485 1048 823 1110 consequently
835 1047 883 1094 in
903 1047 1023 1094 circa
1044 1062 1134 1094 B.c.
1164 1047 1252 1094 442
1271 1047 1504 1094 extended
1519 1064 1630 1093 over
1648 1047 1729 1093 the
1749 1047 1891 1093 south

485 1128 534 1175 of
563 1129 752 1191 Europe
783 1129 906 1176 from
935 1128 1017 1175 the
1047 1128 1163 1190 Alps
1193 1134 1245 1175 to
1276 1128 1471 1174 modern
1503 1129 1740 1190 Portugal.
1806 1129 1891 1175 We

566 1272 600 1312 Ι.
636 1303 643 1310 .
681 1301 688 1310 .
724 1302 731 1310 .
759 1271 926 1325 Ἴστρος
940 1287 983 1310 τε
1007 1269 1088 1325 Ὑὰρ
1108 1269 1298 1322 ποταμὸς
1312 1271 1542 1326 ἀρξάμενος
1556 1272 1601 1312 ἐκ
1624 1274 1800 1312 Κελτῶν
1823 1271 1892 1312 καὶ

484 1349 680 1405 Πυρήνης
693 1347 844 1392 πόλιος
857 1347 939 1402 ῥέει
951 1347 1084 1400 μέσην
1106 1347 1267 1403 σχίζων
1281 1348 1357 1400 τὴν
1378 1349 1599 1404 Εὐρώπην·
1625 1350 1664 1391 οἱ
1678 1350 1720 1391 δὲ
1735 1349 1894 1391 Κελτοί

482 1428 563 1469 εἰσι
593 1427 672 1481 ἔξω
693 1426 964 1482 (Ηρακληΐων
995 1426 1198 1477 στηλέων,
1222 1426 1471 1483 ὁμουρέουσι
1499 1428 1542 1469 δὲ
1565 1428 1831 1479 Κυνησίοισι,
1856 1429 1896 1469 οἳ

481 1506 659 1562 ἔσχατοι
719 1505 823 1561 πρὸς
883 1504 1073 1557 δυσμέων
1131 1505 1316 1547 ὀικέουσι
1375 1509 1458 1548 τῶν
1517 1508 1558 1547 ἐν
1608 1509 1659 1561 τῇ
1709 1507 1894 1562 Εὐρώπῃ

482 1584 807 1637 κατοικημένων.
855 1587 910 1636 (ii.
935 1603 968 1628 c.
993 1588 1078 1627 33.)

563 1756 620 1795 Π.
653 1754 729 1793 Ἐκ
751 1753 794 1794 δὲ
815 1751 1094 1807 ἈΎαθύρσων
1116 1751 1259 1806 Μάρις
1280 1750 1470 1803 ποταμὸς
1483 1751 1586 1805 ῥέων
1607 1750 1893 1804 συμμίσγεται

479 1835 538 1888 τῷ
549 1833 718 1888 Ἴστρῳ·
761 1833 806 1872 ἐκ
828 1830 871 1872 δὲ
893 1834 966 1872 τοῦ
987 1830 1125 1882 Αἴμου
1147 1833 1229 1871 τῶν
1246 1828 1462 1885 κορυφέων
1484 1833 1591 1885 τρεῖς
1614 1829 1742 1870 ἄλλοι
1763 1830 1890 1882 μενγά-

477 1917 546 1952 λοι
567 1910 727 1965 ῥέοντες
749 1909 853 1965 πρὸς
869 1911 1005 1964 βορῆν
1026 1907 1176 1961 ἄνεμον
1206 1909 1478 1959 ἐσβάλλουσι
1497 1909 1535 1952 ἐς
1556 1907 1696 1954 αὐτὸν,
1714 1909 1890 1954 ”Ατλας,

479 1989 549 2030 καὶ
581 1990 736 2044 Αὔρας,
767 1988 837 2029 καὶ
864 1987 1049 2038 Τίβισις·
1085 1986 1155 2028 διὰ
1186 1986 1229 2028 δὲ
1261 1987 1448 2041 Θρηίκης
1479 1986 1549 2027 καὶ
1579 1988 1776 2042 Θρηίκων
1808 1989 1892 2028 τῶν

330 2080 380 2116 ‘,.r
398 2087 418 2112 ι’,
479 2067 711 2123 Κροβύζων
732 2065 904 2121 ῥέοντες,
922 2066 1093 2121 ”Αθρυς,
1112 2064 1182 2106 καὶ
1202 2064 1329 2116 Νόης,
1353 2064 1423 2105 καὶ
1438 2065 1656 2120 Ἀρτάνης,
1680 2064 1890 2120 ἐκῆδῂι-δοῦσι

477 2147 516 2190 ἐς
549 2145 621 2187 τὸν
647 2147 828 2200 Ἴστρον·
866 2146 911 2185 ἐκ
945 2143 988 2185 δὲ
1016 2142 1211 2185 Παιόνων
1239 2143 1309 2184 καὶ
1341 2144 1481 2198 οὔρεος
1515 2142 1731 2194 Ῥοδόπης,
1765 2142 1889 2188 Σκίος

476 2223 678 2277 ποταμὸς,
719 2223 850 2276 μέσον
889 2221 1050 2278 σχίζων
1090 2221 1162 2263 τὸν
1202 2222 1350 2274 Αἷμον,
1385 2221 1544 2262 ἐσδιδοῖ
1582 2222 1621 2265 ἐς
1660 2220 1800 2263 αὐτόν.
1842 2222 1890 2275 ἐξ

475 2304 698 2358 Ἰλλυριῶν
738 2302 781 2343 δὲ
820 2301 922 2356 ῥέων
961 2299 1066 2356 πρὸς
1105 2301 1240 2355 βορῆν
1279 2299 1430 2352 ἄνεμον
1464 2301 1648 2355 ’Ἄγγρος
1683 2299 1885 2352 ποταμὸς,

475 2382 685 2431 ἐσβάλλει
707 2381 746 2424 ἐς
766 2378 910 2440 πξδρίον
932 2378 978 2420 τὸ
992 2376 1300 2434 Τριβαλλικὸν,
1324 2377 1393 2419 καὶ
1416 2379 1454 2422 ἐς
1470 2377 1663 2430 ποταμὸν
1679 2376 1883 2433 Βρόνγνγον·

580 2754 587 2773 ¹
626 2754 702 2787 Vide
719 2753 876 2789 Himilco,
897 2763 979 2794 page
1000 2754 1049 2789 17,
1069 2752 1151 2783 lines
1170 2753 1231 2784 200
1249 2755 1276 2782 et
1291 2762 1365 2790 seq„
1383 2751 1449 2781 and
1469 2761 1557 2791 map,
1576 2762 1659 2792 page
1684 2754 1729 2783 11.
