1980 3290
401 280 490 327 284
558 282 968 329 MONUMENTA
1003 283 1350 331 HISTORICA
1385 285 1650 332 CELTIOA

401 408 649 465 τρισχίλιοι,
690 415 877 466 χρυσοῦς
917 411 1083 467 ἔχοντες
1127 412 1375 468 στεφάνους.
1447 413 1517 454 ἐπὶ
1567 413 1609 455 δὲ
1650 413 1812 458 τούτοις

402 489 567 542 Θρᾷκες
588 487 825 543 τρισχίλιοι
856 489 926 530 καὶ
958 490 1152 530 Γαλάται
1183 489 1542 545 πεντακισχίλιοι.
1575 523 1583 532 .
1618 523 1625 532 .
1661 524 1668 532 .
1700 491 1748 533 τὸ
1770 491 1812 533 δὲ

403 567 485 606 τῶν
516 565 778 618 ἀγαλμάτων
808 567 973 617 πλῆθος
1004 567 1050 607 οὐ
1084 566 1261 609 δυνατὸν
1293 567 1599 620 ἐξηγήσασθαι·
1641 570 1814 610 πάντων

403 642 485 697 γὰρ
520 645 602 684 τῶν
634 643 733 697 παρ’
762 643 998 698 ἀνθρώποις
1025 644 1261 697 λεγομένων
1292 645 1317 698 ἢ
1348 645 1623 698 νομιζομένων
1655 647 1758 688 θεῶν
1790 646 1815 698 ἢ

406 719 623 773 δαιμόνων,
656 720 833 775 προσέτι
865 721 907 762 δὲ
938 722 1082 776 ἡρώων
1112 722 1267 763 εἴδωλα
1298 722 1474 775 διήγετο,
1498 723 1550 764 τὰ
1569 724 1645 777 μὲν
1666 741 1815 779 κεχρυ-

406 797 586 850 σωμένα,
622 797 676 838 τὰ
711 798 745 838 δ’
778 799 1043 854 ἠμφιεσμένα
1075 804 1251 844 στολαῖς
1282 799 1541 856 διαχρύσοις.
1601 801 1670 842 καὶ
1707 804 1819 842 πᾶσι

407 875 567 919 τούτοις
616 875 655 916 οἱ
703 876 987 929 προσήκοντες
1035 877 1158 930 μῦθοι
1209 877 1317 918 κατὰ
1358 877 1432 921 τὰς
1480 877 1819 932 παραδεδομένας

407 952 596 1008 ἱστορίας
618 953 659 995 ἐν
681 952 923 998 διασκευαῖς
944 954 1203 996 πολυτελέσι
1224 954 1482 1009 παρέκειντο.

1592 1021 1701 1060 (xxxi.
1723 1022 1769 1062 3.)

498 1116 742 1155 LXXVIII.
779 1115 836 1156 Οἱ
866 1115 940 1167 μὲν
973 1115 1045 1156 οὖν
1072 1114 1191 1169 παρὰ
1219 1118 1292 1155 τοῦ
1322 1113 1538 1168 Προυσίου
1567 1113 1823 1168 κατηγορίαν

409 1192 626 1232 ἐποιοῦντο
649 1192 858 1244 Εὐμένους
879 1196 952 1233 τοῦ
982 1191 1212 1242 βασιλέως,
1247 1193 1483 1246 φάσκοντες
1504 1193 1642 1233 αὐτῶν
1665 1190 1709 1232 τέ
1730 1204 1824 1232 τινα

410 1268 548 1323 χωρία
588 1270 892 1324 παραιρεῖσθαι
932 1269 1004 1311 τὸν
1044 1269 1208 1322 Εὐμένη
1249 1270 1319 1311 καὶ
1361 1273 1434 1320 τῆς
1484 1267 1699 1312 Γαλατίας
1749 1268 1824 1309 οὐκ

411 1346 680 1402 ἀφίστασθαι
703 1347 749 1388 τὸ
771 1348 989 1402 παράπαν,
1009 1347 1101 1388 οὐδὲ
1115 1349 1363 1402 πειθαρχεῖν
1381 1350 1466 1390 τοῖς
1483 1350 1556 1398 τῆς
1577 1345 1825 1398 συγκλήτου

412 1424 631 1478 δόγμασιν,
667 1425 784 1466 ἀλλὰ
817 1425 911 1469 τοὺς
945 1425 1019 1478 μὲν
1050 1425 1102 1465 τὰ
1127 1424 1312 1480 σφέτερα
1343 1427 1599 1478 φρονοῦντας
1631 1440 1824 1475 σωματο-

411 1507 556 1550 ποιεῖν,
599 1502 693 1547 τοὺς
729 1503 771 1544 δὲ
812 1503 864 1543 τὰ
897 1502 1112 1555 Ῥωμαίων
1143 1501 1410 1557 αἱρουμένους
1441 1502 1511 1542 καὶ
1540 1499 1827 1554 βουλομένους

412 1581 715 1624 πολιτεύεσθαι
736 1584 822 1625 τοῖς
843 1585 916 1632 τῆς
938 1580 1184 1633 συγκλήτου
1215 1579 1424 1633 δόγμασιν
1454 1578 1696 1622 ἀκολούθως
1718 1576 1827 1618 κατὰ

413 1659 557 1702 πάντα
589 1658 746 1713 τρόπον
777 1659 994 1699 ἐλαττοῦν.
1030 1690 1036 1698 .
1072 1689 1079 1698 .
1115 1690 1122 1698 .
1156 1658 1179 1708 ἡ
1214 1657 1255 1698 δὲ
1292 1656 1534 1710 σύγκλητος
1562 1654 1828 1697 διακούσασα

415 1739 497 1778 τῶν
547 1735 894 1790 κατηγορούντων
944 1734 1028 1776 οὔτ’
1079 1734 1311 1789 (ὶπέρριπτε
1361 1733 1435 1777 τὰς
1485 1731 1693 1783 διαβολὰς
1742 1731 1828 1772 οὔτ’

414 1814 621 1866 ἐξετίθετο
654 1812 729 1865 τὴν
765 1814 914 1865 ἑαυτῆς
948 1813 1129 1866 γνώμην,
1163 1811 1280 1852 ἀλλὰ
1311 1810 1526 1866 συνετήρει
1556 1810 1655 1864 παρ’
1687 1811 1826 1862 ἑαυτῇ,

415 1893 703 1934 διαπιστοῦσα
725 1890 912 1932 καθόλου
933 1894 1017 1934 τοῖς
1038 1890 1133 1944 περὶ
1151 1889 1222 1931 τὸν
1238 1887 1401 1942 Εὐμένη
1419 1889 1489 1930 καὶ
1504 1887 1575 1929 τὸν
1592 1885 1827 1941 Ἀντίοχον·

417 1973 502 2014 τοῖς
522 1987 570 2023 γε
589 1968 672 2021 μὴν
693 1969 908 2012 Γαλάταις
929 1967 1011 2009 αἰεί
1030 1985 1070 2008 τι
1091 1966 1333 2022 προσετίθει
1354 1966 1424 2007 καὶ
1450 1963 1712 2019 συνεπίσχυε
1733 1963 1829 2018 περὶ

418 2051 490 2099 τῆς
511 2045 761 2101 ἐλευθερίας.
1597 2052 1709 2093 (xxxi.
1731 2051 1777 2093 6.)

508 2150 705 2190 LXXIX.
730 2148 835 2190 “On
875 2151 957 2189 τῶν
998 2149 1332 2198 ΝῙασσαλιητῶν
1372 2143 1831 2200 διαπρεσβευσαμένων

420 2225 525 2281 πρὸς
546 2225 774 2279 Ῥωμαίους
796 2228 934 2270 κακῶς
955 2227 1143 2281 πάσχειν
1164 2224 1315 2269 αὐτοὺς
1339 2223 1418 2265 ὑπὸ
1440 2225 1523 2265 τῶν
1550 2220 1830 2275 Λιγυστίνων,

422 2308 688 2359 παραχρῆμα
719 2303 991 2355 κατέστησαν
1020 2301 1257 2355 Φλαμίνιον
1288 2302 1357 2343 καὶ
1385 2299 1600 2341 Ποπίλιον
1621 2301 1833 2341 Λαινᾶτον

423 2381 493 2423 καὶ
515 2381 692 2422 Λεύκιον
723 2380 889 2423 Πόπιον
920 2381 1201 2435 πρεσβευτάς,
1236 2379 1276 2420 οἳ
1305 2379 1374 2420 καὶ
1405 2377 1605 2421 πλέοντες
1624 2375 1729 2430 μετὰ
1751 2377 1833 2416 τῶν

425 2461 755 2510 Μασσαλιητῶν
786 2458 1032 2513 προσέσχον
1062 2461 1135 2509 τῆς
1165 2455 1381 2508 Ὀξυβίων
1411 2456 1553 2510 χώρας
1574 2453 1684 2496 κατὰ
1705 2452 1834 2495 πόλιν

426 2538 642 2590 Λῖγιτναν·
677 2569 685 2578 .
719 2569 727 2577 .
762 2569 769 2577 .
