<?xml version="1.0" encoding="UTF-8"?>
<!DOCTYPE html PUBLIC "-//W3C//DTD XHTML 1.0 Transitional//EN"
    "http://www.w3.org/TR/xhtml1/DTD/xhtml1-transitional.dtd">
<html xmlns="http://www.w3.org/1999/xhtml" xml:lang="en" lang="en">
 <head>
  <title>
</title>
<meta http-equiv="Content-Type" content="text/html;charset=utf-8" />
  <meta name='ocr-system' content='tesseract 3.04.00' />
  <meta name='ocr-capabilities' content='ocr_page ocr_carea ocr_par ocr_line ocrx_word'/>
</head>
<body>
  <div class='ocr_page' id='page_1' title='image "./monumentahistori00dina/monumentahistori00dina_0274.png"; bbox 0 0 1980 3290; ppageno 0'>
   <div class='ocr_carea' id='block_1_1' title="bbox 417 278 1668 328">
    <p class='ocr_par' dir='ltr' id='par_1_1' title="bbox 417 278 1668 328">
     <span class='ocr_line' id='line_1_1' title="bbox 417 278 1668 328; baseline -0.001 -3"><span class='ocrx_word' id='word_1_1' title='bbox 417 280 504 327; x_wconf 84' lang='lat'>258</span> <span class='ocrx_word' id='word_1_2' title='bbox 574 280 987 328; x_wconf 83' lang='lat' dir='ltr'><strong>MONUMENTA</strong></span> <span class='ocrx_word' id='word_1_3' title='bbox 1021 281 1370 328; x_wconf 82' lang='lat' dir='ltr'><strong>HISTORICA</strong></span> <span class='ocrx_word' id='word_1_4' title='bbox 1405 278 1668 326; x_wconf 78' lang='lat' dir='ltr'><strong>CELTICA</strong></span> 
     </span>
    </p>
   </div>
   <div class='ocr_carea' id='block_1_2' title="bbox 409 407 1842 1613">
    <p class='ocr_par' dir='ltr' id='par_1_2' title="bbox 409 407 1842 1613">
     <span class='ocr_line' id='line_1_2' title="bbox 413 407 1825 463; baseline 0.001 -15"><span class='ocrx_word' id='word_1_5' title='bbox 413 407 487 460; x_wconf 83' lang='grc' dir='ltr'>μὲν</span> <span class='ocrx_word' id='word_1_6' title='bbox 527 408 647 460; x_wconf 78' lang='grc' dir='ltr'>τάξιν</span> <span class='ocrx_word' id='word_1_7' title='bbox 686 409 727 450; x_wconf 87' lang='grc' dir='ltr'>ἐν</span> <span class='ocrx_word' id='word_1_8' title='bbox 759 412 809 463; x_wconf 84' lang='grc' dir='ltr'>τῇ</span> <span class='ocrx_word' id='word_1_9' title='bbox 841 409 961 463; x_wconf 83' lang='grc' dir='ltr'>μάχῃ</span> <span class='ocrx_word' id='word_1_10' title='bbox 994 408 1088 452; x_wconf 74' lang='grc' dir='ltr'>τοὺς</span> <span class='ocrx_word' id='word_1_11' title='bbox 1120 409 1287 459; x_wconf 83' lang='grc' dir='ltr'>Λίβυας</span> <span class='ocrx_word' id='word_1_12' title='bbox 1328 411 1467 451; x_wconf 84' lang='grc' dir='ltr'>αὐτῶν</span> <span class='ocrx_word' id='word_1_13' title='bbox 1499 408 1621 462; x_wconf 79' lang='grc' dir='ltr'>ἔχειν,</span> <span class='ocrx_word' id='word_1_14' title='bbox 1657 425 1825 463; x_wconf 90' lang='grc' dir='ltr'>προκιν-</span> 
     </span>
     <span class='ocr_line' id='line_1_3' title="bbox 413 484 1828 540; baseline 0.001 -15"><span class='ocrx_word' id='word_1_15' title='bbox 413 484 610 527; x_wconf 84' lang='grc' dir='ltr'>δυνεῦσαι</span> <span class='ocrx_word' id='word_1_16' title='bbox 641 486 683 527; x_wconf 83' lang='grc' dir='ltr'>δὲ</span> <span class='ocrx_word' id='word_1_17' title='bbox 713 486 987 540; x_wconf 83' lang='grc' dir='ltr'>τοῖςἼβηρσι</span> <span class='ocrx_word' id='word_1_18' title='bbox 1008 486 1079 527; x_wconf 85' lang='grc' dir='ltr'>καὶ</span> <span class='ocrx_word' id='word_1_19' title='bbox 1110 489 1302 531; x_wconf 85' lang='grc' dir='ltr'>Κελτοῖς,</span> <span class='ocrx_word' id='word_1_20' title='bbox 1363 488 1412 539; x_wconf 80' lang='grc' dir='ltr'>ἣν</span> <span class='ocrx_word' id='word_1_21' title='bbox 1434 486 1465 527; x_wconf 85' lang='grc' dir='ltr'>δ’</span> <span class='ocrx_word' id='word_1_22' title='bbox 1489 484 1508 527; x_wconf 89' lang='grc' dir='ltr'>ὁ</span> <span class='ocrx_word' id='word_1_23' title='bbox 1531 485 1828 539; x_wconf 82' lang='grc' dir='ltr'>καθοπλισμὸς</span> 
     </span>
     <span class='ocr_line' id='line_1_4' title="bbox 413 563 1827 616; baseline 0 -13"><span class='ocrx_word' id='word_1_24' title='bbox 413 565 495 603; x_wconf 89' lang='grc' dir='ltr'>τῶν</span> <span class='ocrx_word' id='word_1_25' title='bbox 515 563 589 616; x_wconf 84' lang='grc' dir='ltr'>μὲν</span> <span class='ocrx_word' id='word_1_26' title='bbox 610 563 784 613; x_wconf 79' lang='grc' dir='ltr'>Λιβύων</span> <span class='ocrx_word' id='word_1_27' title='bbox 804 563 1045 616; x_wconf 83' lang='grc' dir='ltr'>Ῥωμαϊκός,</span> <span class='ocrx_word' id='word_1_28' title='bbox 1068 564 1137 607; x_wconf 74' lang='grc' dir='ltr'>οὓς</span> <span class='ocrx_word' id='word_1_29' title='bbox 1167 564 1331 608; x_wconf 81' lang='grc' dir='ltr'>πάντας</span> <span class='ocrx_word' id='word_1_30' title='bbox 1354 563 1557 613; x_wconf 84' lang='grc' dir='ltr'>Ἀννίβας</span> <span class='ocrx_word' id='word_1_31' title='bbox 1579 566 1665 607; x_wconf 88' lang='grc' dir='ltr'>τοῖς</span> <span class='ocrx_word' id='word_1_32' title='bbox 1687 563 1732 603; x_wconf 88' lang='grc' dir='ltr'>ἐκ</span> <span class='ocrx_word' id='word_1_33' title='bbox 1753 567 1827 615; x_wconf 85' lang='grc' dir='ltr'>τῆς</span> 
     </span>
     <span class='ocr_line' id='line_1_5' title="bbox 413 640 1825 696; baseline 0.001 -15"><span class='ocrx_word' id='word_1_34' title='bbox 413 640 768 695; x_wconf 67' lang='grc' dir='ltr'>προγεγενημένης</span> <span class='ocrx_word' id='word_1_35' title='bbox 816 641 958 696; x_wconf 79' lang='grc' dir='ltr'>μάχης</span> <span class='ocrx_word' id='word_1_36' title='bbox 1007 640 1181 686; x_wconf 79' lang='grc' dir='ltr'>σκύλοις</span> <span class='ocrx_word' id='word_1_37' title='bbox 1226 642 1399 694; x_wconf 80' lang='grc' dir='ltr'>ἐκλέξας</span> <span class='ocrx_word' id='word_1_38' title='bbox 1449 641 1825 693; x_wconf 84' lang='grc' dir='ltr'>κατακεκοσμήκει·</span> 
     </span>
     <span class='ocr_line' id='line_1_6' title="bbox 413 717 1826 774; baseline 0.001 -15"><span class='ocrx_word' id='word_1_39' title='bbox 413 721 496 759; x_wconf 88' lang='grc' dir='ltr'>τῶν</span> <span class='ocrx_word' id='word_1_40' title='bbox 518 718 549 758; x_wconf 90' lang='grc' dir='ltr'>δ’</span> <span class='ocrx_word' id='word_1_41' title='bbox 570 719 752 773; x_wconf 87' lang='grc' dir='ltr'>Ἰβήρων</span> <span class='ocrx_word' id='word_1_42' title='bbox 774 719 843 760; x_wconf 83' lang='grc' dir='ltr'>καὶ</span> <span class='ocrx_word' id='word_1_43' title='bbox 867 722 1042 760; x_wconf 82' lang='grc' dir='ltr'>Κελτῶν</span> <span class='ocrx_word' id='word_1_44' title='bbox 1063 717 1083 760; x_wconf 88' lang='grc' dir='ltr'>ὁ</span> <span class='ocrx_word' id='word_1_45' title='bbox 1104 719 1179 771; x_wconf 82' lang='grc' dir='ltr'>μὲν</span> <span class='ocrx_word' id='word_1_46' title='bbox 1202 719 1342 774; x_wconf 84' lang='grc' dir='ltr'>θυρεὸς</span> <span class='ocrx_word' id='word_1_47' title='bbox 1363 721 1413 772; x_wconf 78' lang='grc' dir='ltr'>ἣν</span> <span class='ocrx_word' id='word_1_48' title='bbox 1433 718 1750 774; x_wconf 84' lang='grc' dir='ltr'>παραπλήσιος,</span> <span class='ocrx_word' id='word_1_49' title='bbox 1774 718 1826 760; x_wconf 79' lang='grc' dir='ltr'>τὰ</span> 
     </span>
     <span class='ocr_line' id='line_1_7' title="bbox 414 795 1828 852; baseline 0 -16"><span class='ocrx_word' id='word_1_50' title='bbox 414 796 456 837; x_wconf 85' lang='grc' dir='ltr'>δὲ</span> <span class='ocrx_word' id='word_1_51' title='bbox 479 795 578 850; x_wconf 84' lang='grc' dir='ltr'>ξίφη</span> <span class='ocrx_word' id='word_1_52' title='bbox 601 795 676 848; x_wconf 76' lang='grc' dir='ltr'>τὴν</span> <span class='ocrx_word' id='word_1_53' title='bbox 696 796 887 837; x_wconf 82' lang='grc' dir='ltr'>ἐναντίαν</span> <span class='ocrx_word' id='word_1_54' title='bbox 909 796 997 852; x_wconf 81' lang='grc' dir='ltr'>εἶχε</span> <span class='ocrx_word' id='word_1_55' title='bbox 1019 796 1220 838; x_wconf 83' lang='grc' dir='ltr'>διάθεσιν·</span> <span class='ocrx_word' id='word_1_56' title='bbox 1263 801 1335 849; x_wconf 82' lang='grc' dir='ltr'>τῆς</span> <span class='ocrx_word' id='word_1_57' title='bbox 1356 796 1430 849; x_wconf 84' lang='grc' dir='ltr'>μὲν</span> <span class='ocrx_word' id='word_1_58' title='bbox 1450 796 1531 850; x_wconf 81' lang='grc' dir='ltr'>γὰρ</span> <span class='ocrx_word' id='word_1_59' title='bbox 1553 797 1627 837; x_wconf 82' lang='grc' dir='ltr'>οὐκ</span> <span class='ocrx_word' id='word_1_60' title='bbox 1649 795 1828 837; x_wconf 78' lang='grc' dir='ltr'>ἔλαττον</span> 
     </span>
     <span class='ocr_line' id='line_1_8' title="bbox 413 873 1826 930; baseline 0.001 -16"><span class='ocrx_word' id='word_1_61' title='bbox 413 873 460 914; x_wconf 84' lang='grc' dir='ltr'>τὸ</span> <span class='ocrx_word' id='word_1_62' title='bbox 494 873 678 926; x_wconf 87' lang='grc' dir='ltr'>κέντημα</span> <span class='ocrx_word' id='word_1_63' title='bbox 710 878 782 926; x_wconf 80' lang='grc' dir='ltr'>τῆς</span> <span class='ocrx_word' id='word_1_64' title='bbox 815 877 1060 929; x_wconf 82' lang='grc' dir='ltr'>καταφορᾶς</span> <span class='ocrx_word' id='word_1_65' title='bbox 1091 875 1217 929; x_wconf 79' lang='grc' dir='ltr'>ἴσχυε</span> <span class='ocrx_word' id='word_1_66' title='bbox 1250 874 1355 930; x_wconf 80' lang='grc' dir='ltr'>πρὸς</span> <span class='ocrx_word' id='word_1_67' title='bbox 1386 873 1432 915; x_wconf 83' lang='grc' dir='ltr'>τὸ</span> <span class='ocrx_word' id='word_1_68' title='bbox 1462 873 1691 924; x_wconf 81' lang='grc' dir='ltr'>βλάπτειν,</span> <span class='ocrx_word' id='word_1_69' title='bbox 1729 875 1751 926; x_wconf 88' lang='grc' dir='ltr'>ἡ</span> <span class='ocrx_word' id='word_1_70' title='bbox 1785 873 1826 915; x_wconf 82' lang='grc' dir='ltr'>δὲ</span> 
     </span>
     <span class='ocr_line' id='line_1_9' title="bbox 414 950 1825 1006; baseline 0.001 -15"><span class='ocrx_word' id='word_1_71' title='bbox 414 950 633 1002; x_wconf 78' lang='grc' dir='ltr'>Γαλατικὴ</span> <span class='ocrx_word' id='word_1_72' title='bbox 659 951 852 1006; x_wconf 79' lang='grc' dir='ltr'>μάχαιρα</span> <span class='ocrx_word' id='word_1_73' title='bbox 876 951 976 1004; x_wconf 85' lang='grc' dir='ltr'>μίαν</span> <span class='ocrx_word' id='word_1_74' title='bbox 1007 951 1095 1006; x_wconf 83' lang='grc' dir='ltr'>εἶχε</span> <span class='ocrx_word' id='word_1_75' title='bbox 1124 950 1272 1006; x_wconf 81' lang='grc' dir='ltr'>χρείαν</span> <span class='ocrx_word' id='word_1_76' title='bbox 1303 951 1377 1003; x_wconf 79' lang='grc' dir='ltr'>τὴν</span> <span class='ocrx_word' id='word_1_77' title='bbox 1408 952 1453 992; x_wconf 86' lang='grc' dir='ltr'>ἐκ</span> <span class='ocrx_word' id='word_1_78' title='bbox 1476 954 1730 1005; x_wconf 83' lang='grc' dir='ltr'>καταφορᾶς,</span> <span class='ocrx_word' id='word_1_79' title='bbox 1756 952 1825 993; x_wconf 91' lang='grc' dir='ltr'>καὶ</span> 
     </span>
     <span class='ocr_line' id='line_1_10' title="bbox 413 1028 1827 1083; baseline -0.001 -13"><span class='ocrx_word' id='word_1_80' title='bbox 413 1028 570 1080; x_wconf 85' lang='grc' dir='ltr'>ταύτην</span> <span class='ocrx_word' id='word_1_81' title='bbox 600 1029 646 1080; x_wconf 79' lang='grc' dir='ltr'>ἐξ</span> <span class='ocrx_word' id='word_1_82' title='bbox 674 1029 968 1070; x_wconf 68' lang='grc' dir='ltr'>ἀποστάσεως.</span> <span class='ocrx_word' id='word_1_83' title='bbox 1039 1029 1228 1081; x_wconf 79' lang='grc' dir='ltr'>ἐναλλὰξ</span> <span class='ocrx_word' id='word_1_84' title='bbox 1259 1029 1307 1071; x_wconf 83' lang='grc' dir='ltr'>δὲ</span> <span class='ocrx_word' id='word_1_85' title='bbox 1339 1033 1430 1074; x_wconf 85' lang='grc' dir='ltr'>ταῖς</span> <span class='ocrx_word' id='word_1_86' title='bbox 1462 1028 1656 1083; x_wconf 88' lang='grc' dir='ltr'>σπείραις</span> <span class='ocrx_word' id='word_1_87' title='bbox 1689 1031 1827 1070; x_wconf 78' lang='grc' dir='ltr'>αὐτῶν</span> 
     </span>
     <span class='ocr_line' id='line_1_11' title="bbox 411 1105 1826 1161; baseline -0.001 -13"><span class='ocrx_word' id='word_1_88' title='bbox 411 1105 805 1161; x_wconf 74' lang='grc' dir='ltr'>παρατεταγμένων,</span> <span class='ocrx_word' id='word_1_89' title='bbox 830 1106 900 1148; x_wconf 85' lang='grc' dir='ltr'>καὶ</span> <span class='ocrx_word' id='word_1_90' title='bbox 922 1109 1004 1147; x_wconf 89' lang='grc' dir='ltr'>τῶν</span> <span class='ocrx_word' id='word_1_91' title='bbox 1016 1106 1090 1159; x_wconf 82' lang='grc' dir='ltr'>μὲν</span> <span class='ocrx_word' id='word_1_92' title='bbox 1104 1109 1281 1147; x_wconf 85' lang='grc' dir='ltr'>Κελτῶν</span> <span class='ocrx_word' id='word_1_93' title='bbox 1298 1109 1464 1160; x_wconf 85' lang='grc' dir='ltr'>γυμνῶν</span> <span class='ocrx_word' id='word_1_94' title='bbox 1487 1109 1569 1147; x_wconf 88' lang='grc' dir='ltr'>τῶν</span> <span class='ocrx_word' id='word_1_95' title='bbox 1591 1105 1622 1146; x_wconf 85' lang='grc' dir='ltr'>δ’</span> <span class='ocrx_word' id='word_1_96' title='bbox 1644 1106 1826 1160; x_wconf 85' lang='grc' dir='ltr'>Ἰβήρων</span> 
     </span>
     <span class='ocr_line' id='line_1_12' title="bbox 409 1183 1825 1239; baseline -0.001 -14"><span class='ocrx_word' id='word_1_97' title='bbox 409 1184 540 1228; x_wconf 77' lang='grc' dir='ltr'>λινοῖς</span> <span class='ocrx_word' id='word_1_98' title='bbox 579 1183 907 1239; x_wconf 85' lang='grc' dir='ltr'>περιπορφύροις</span> <span class='ocrx_word' id='word_1_99' title='bbox 950 1183 1222 1239; x_wconf 78' lang='grc' dir='ltr'>χιτωνίσκοις</span> <span class='ocrx_word' id='word_1_100' title='bbox 1263 1183 1583 1237; x_wconf 81' lang='grc' dir='ltr'>κεκοσμημένων</span> <span class='ocrx_word' id='word_1_101' title='bbox 1623 1183 1731 1224; x_wconf 82' lang='grc' dir='ltr'>κατὰ</span> <span class='ocrx_word' id='word_1_102' title='bbox 1773 1183 1825 1224; x_wconf 80' lang='grc' dir='ltr'>τὰ</span> 
     </span>
     <span class='ocr_line' id='line_1_13' title="bbox 411 1260 1826 1317; baseline 0 -15"><span class='ocrx_word' id='word_1_103' title='bbox 411 1262 584 1317; x_wconf 79' lang='grc' dir='ltr'>πάτρια,</span> <span class='ocrx_word' id='word_1_104' title='bbox 639 1261 882 1313; x_wconf 79' lang='grc' dir='ltr'>ξενίζουσαν</span> <span class='ocrx_word' id='word_1_105' title='bbox 932 1262 1020 1315; x_wconf 85' lang='grc' dir='ltr'>ἅμα</span> <span class='ocrx_word' id='word_1_106' title='bbox 1069 1261 1140 1302; x_wconf 86' lang='grc' dir='ltr'>καὶ</span> <span class='ocrx_word' id='word_1_107' title='bbox 1197 1262 1552 1313; x_wconf 80' lang='grc' dir='ltr'>καταπληκτικὴν</span> <span class='ocrx_word' id='word_1_108' title='bbox 1602 1260 1826 1311; x_wconf 89' lang='grc' dir='ltr'>συνέβαινε</span> 
     </span>
     <span class='ocr_line' id='line_1_14' title="bbox 410 1338 1824 1394; baseline -0.001 -13"><span class='ocrx_word' id='word_1_109' title='bbox 410 1340 602 1394; x_wconf 86' lang='grc' dir='ltr'>γίνεσθαι</span> <span class='ocrx_word' id='word_1_110' title='bbox 625 1340 699 1391; x_wconf 78' lang='grc' dir='ltr'>τὴν</span> <span class='ocrx_word' id='word_1_111' title='bbox 720 1338 954 1394; x_wconf 71' lang='grc' dir='ltr'>πρόσοψιν.</span> <span class='ocrx_word' id='word_1_112' title='bbox 1016 1341 1065 1391; x_wconf 80' lang='grc' dir='ltr'>ἦν</span> <span class='ocrx_word' id='word_1_113' title='bbox 1096 1340 1138 1381; x_wconf 83' lang='grc' dir='ltr'>δὲ</span> <span class='ocrx_word' id='word_1_114' title='bbox 1170 1339 1216 1381; x_wconf 83' lang='grc' dir='ltr'>τὸ</span> <span class='ocrx_word' id='word_1_115' title='bbox 1241 1339 1314 1393; x_wconf 85' lang='grc' dir='ltr'>μὲν</span> <span class='ocrx_word' id='word_1_116' title='bbox 1346 1342 1428 1380; x_wconf 90' lang='grc' dir='ltr'>τῶν</span> <span class='ocrx_word' id='word_1_117' title='bbox 1452 1339 1639 1381; x_wconf 79' lang='grc' dir='ltr'>ἱππικῶν</span> <span class='ocrx_word' id='word_1_118' title='bbox 1661 1341 1824 1390; x_wconf 80' lang='grc' dir='ltr'>πλῆθος</span> 
     </span>
     <span class='ocr_line' id='line_1_15' title="bbox 411 1416 1825 1472; baseline -0.001 -13"><span class='ocrx_word' id='word_1_119' title='bbox 411 1417 458 1459; x_wconf 81' lang='grc' dir='ltr'>τὸ</span> <span class='ocrx_word' id='word_1_120' title='bbox 480 1418 655 1471; x_wconf 86' lang='grc' dir='ltr'>σύμπαν</span> <span class='ocrx_word' id='word_1_121' title='bbox 680 1421 765 1461; x_wconf 85' lang='grc' dir='ltr'>τοῖς</span> <span class='ocrx_word' id='word_1_122' title='bbox 797 1417 1102 1472; x_wconf 81' lang='grc' dir='ltr'>Καρχηδονίοις</span> <span class='ocrx_word' id='word_1_123' title='bbox 1133 1417 1188 1461; x_wconf 75' lang='grc' dir='ltr'>εἰς</span> <span class='ocrx_word' id='word_1_124' title='bbox 1218 1417 1401 1472; x_wconf 84' lang='grc' dir='ltr'>μυρίους,</span> <span class='ocrx_word' id='word_1_125' title='bbox 1435 1416 1481 1458; x_wconf 84' lang='grc' dir='ltr'>τὸ</span> <span class='ocrx_word' id='word_1_126' title='bbox 1513 1417 1556 1458; x_wconf 84' lang='grc' dir='ltr'>δὲ</span> <span class='ocrx_word' id='word_1_127' title='bbox 1584 1420 1666 1458; x_wconf 86' lang='grc' dir='ltr'>τῶν</span> <span class='ocrx_word' id='word_1_128' title='bbox 1687 1417 1825 1467; x_wconf 87' lang='grc' dir='ltr'>πεζῶν</span> 
     </span>
     <span class='ocr_line' id='line_1_16' title="bbox 410 1484 1842 1550; baseline 0 -13"><span class='ocrx_word' id='word_1_129' title='bbox 410 1498 457 1538; x_wconf 81' lang='grc' dir='ltr'>οὐ</span> <span class='ocrx_word' id='word_1_130' title='bbox 479 1496 592 1538; x_wconf 78' lang='grc' dir='ltr'>πολὺ</span> <span class='ocrx_word' id='word_1_131' title='bbox 612 1495 785 1539; x_wconf 89' lang='grc' dir='ltr'>πλείους</span> <span class='ocrx_word' id='word_1_132' title='bbox 807 1495 1166 1550; x_wconf 85' lang='grc' dir='ltr'>τετρακισμυρίων</span> <span class='ocrx_word' id='word_1_133' title='bbox 1188 1495 1266 1537; x_wconf 84' lang='grc' dir='ltr'>σὺν</span> <span class='ocrx_word' id='word_1_134' title='bbox 1287 1499 1372 1538; x_wconf 82' lang='grc' dir='ltr'>τοῖς</span> <span class='ocrx_word' id='word_1_135' title='bbox 1396 1498 1587 1537; x_wconf 74' lang='grc' dir='ltr'>Κελτοῖς·</span> <span class='ocrx_word' id='word_1_136' title='bbox 1837 1484 1842 1488; x_wconf 26' lang='lat'><strong>⁵</strong></span> 
     </span>
     <span class='ocr_line' id='line_1_17' title="bbox 1393 1572 1676 1613; baseline -0.004 -6"><span class='ocrx_word' id='word_1_137' title='bbox 1393 1572 1458 1612; x_wconf 82' lang='lat' dir='ltr'><strong>(iii.</strong></span> <span class='ocrx_word' id='word_1_138' title='bbox 1480 1574 1560 1613; x_wconf 63' lang='grc'>113,</span> <span class='ocrx_word' id='word_1_139' title='bbox 1581 1574 1676 1612; x_wconf 60' lang='grc'><strong>114.)</strong></span> 
     </span>
    </p>
   </div>
   <div class='ocr_carea' id='block_1_3' title="bbox 408 1664 1823 2098">
    <p class='ocr_par' dir='ltr' id='par_1_3' title="bbox 408 1664 1823 2031">
     <span class='ocr_line' id='line_1_18' title="bbox 497 1664 1820 1720; baseline 0.001 -15"><span class='ocrx_word' id='word_1_140' title='bbox 497 1667 653 1706; x_wconf 81' lang='lat' dir='ltr'>XLIX.</span> <span class='ocrx_word' id='word_1_141' title='bbox 691 1665 775 1706; x_wconf 85' lang='grc' dir='ltr'>Καὶ</span> <span class='ocrx_word' id='word_1_142' title='bbox 797 1664 878 1720; x_wconf 81' lang='grc' dir='ltr'>γὰρ</span> <span class='ocrx_word' id='word_1_143' title='bbox 900 1664 1045 1719; x_wconf 84' lang='grc' dir='ltr'>ὥσπερ</span> <span class='ocrx_word' id='word_1_144' title='bbox 1067 1664 1372 1718; x_wconf 82' lang='grc' dir='ltr'>ἐπιμετρούσης</span> <span class='ocrx_word' id='word_1_145' title='bbox 1395 1665 1465 1706; x_wconf 85' lang='grc' dir='ltr'>καὶ</span> <span class='ocrx_word' id='word_1_146' title='bbox 1489 1667 1820 1718; x_wconf 85' lang='grc' dir='ltr'>συνεπαγωνιζο-</span> 
     </span>
     <span class='ocr_line' id='line_1_19' title="bbox 408 1742 1820 1798; baseline -0.001 -13"><span class='ocrx_word' id='word_1_147' title='bbox 408 1743 530 1796; x_wconf 83' lang='grc' dir='ltr'>μένης</span> <span class='ocrx_word' id='word_1_148' title='bbox 561 1743 645 1786; x_wconf 80' lang='grc' dir='ltr'>τοῖς</span> <span class='ocrx_word' id='word_1_149' title='bbox 675 1742 869 1796; x_wconf 85' lang='grc' dir='ltr'>γεγονόσι</span> <span class='ocrx_word' id='word_1_150' title='bbox 901 1747 973 1795; x_wconf 84' lang='grc' dir='ltr'>τῆς</span> <span class='ocrx_word' id='word_1_151' title='bbox 1003 1742 1145 1798; x_wconf 86' lang='grc' dir='ltr'>τύχης,</span> <span class='ocrx_word' id='word_1_152' title='bbox 1179 1743 1340 1794; x_wconf 87' lang='grc' dir='ltr'>συνέβη</span> <span class='ocrx_word' id='word_1_153' title='bbox 1369 1743 1455 1796; x_wconf 87' lang='grc' dir='ltr'>μετ’</span> <span class='ocrx_word' id='word_1_154' title='bbox 1488 1742 1635 1795; x_wconf 87' lang='grc' dir='ltr'>ὀλίγας</span> <span class='ocrx_word' id='word_1_155' title='bbox 1657 1742 1820 1798; x_wconf 82' lang='grc' dir='ltr'>ἡμέρας,</span> 
     </span>
     <span class='ocr_line' id='line_1_20' title="bbox 410 1819 1823 1875; baseline 0.001 -15"><span class='ocrx_word' id='word_1_156' title='bbox 410 1823 483 1860; x_wconf 89' lang='grc' dir='ltr'>τοῦ</span> <span class='ocrx_word' id='word_1_157' title='bbox 514 1819 654 1874; x_wconf 90' lang='grc' dir='ltr'>φόβου</span> <span class='ocrx_word' id='word_1_158' title='bbox 685 1819 936 1875; x_wconf 85' lang='grc' dir='ltr'>κατέχοντος</span> <span class='ocrx_word' id='word_1_159' title='bbox 967 1820 1042 1872; x_wconf 76' lang='grc' dir='ltr'>τὴν</span> <span class='ocrx_word' id='word_1_160' title='bbox 1072 1819 1201 1861; x_wconf 89' lang='grc' dir='ltr'>πόλιν</span> <span class='ocrx_word' id='word_1_161' title='bbox 1232 1821 1302 1861; x_wconf 85' lang='grc' dir='ltr'>καὶ</span> <span class='ocrx_word' id='word_1_162' title='bbox 1335 1819 1407 1861; x_wconf 83' lang='grc' dir='ltr'>τὸν</span> <span class='ocrx_word' id='word_1_163' title='bbox 1432 1820 1487 1864; x_wconf 80' lang='grc' dir='ltr'>εἰς</span> <span class='ocrx_word' id='word_1_164' title='bbox 1509 1819 1584 1872; x_wconf 83' lang='grc' dir='ltr'>τὴν</span> <span class='ocrx_word' id='word_1_165' title='bbox 1606 1819 1823 1862; x_wconf 88' lang='grc' dir='ltr'>Γαλατίαν</span> 
     </span>
     <span class='ocr_line' id='line_1_21' title="bbox 410 1897 1822 1954; baseline 0.001 -15"><span class='ocrx_word' id='word_1_166' title='bbox 410 1898 650 1954; x_wconf 82' lang='grc' dir='ltr'>στρατηγὸν</span> <span class='ocrx_word' id='word_1_167' title='bbox 681 1898 965 1939; x_wconf 80' lang='grc' dir='ltr'>ἁποσταλέντ’</span> <span class='ocrx_word' id='word_1_168' title='bbox 999 1898 1054 1942; x_wconf 76' lang='grc' dir='ltr'>εἰς</span> <span class='ocrx_word' id='word_1_169' title='bbox 1094 1898 1261 1953; x_wconf 81' lang='grc' dir='ltr'>ἐνέδραν</span> <span class='ocrx_word' id='word_1_170' title='bbox 1300 1897 1539 1952; x_wconf 85' lang='grc' dir='ltr'>ἐμπεσόντα</span> <span class='ocrx_word' id='word_1_171' title='bbox 1571 1898 1822 1954; x_wconf 81' lang='grc' dir='ltr'>παραδόξως</span> 
     </span>
     <span class='ocr_line' id='line_1_22' title="bbox 410 1975 1715 2031; baseline 0.001 -15"><span class='ocrx_word' id='word_1_172' title='bbox 410 1976 538 2031; x_wconf 78' lang='grc' dir='ltr'>ἄρδην</span> <span class='ocrx_word' id='word_1_173' title='bbox 560 1975 642 2017; x_wconf 83' lang='grc' dir='ltr'>ὑπὸ</span> <span class='ocrx_word' id='word_1_174' title='bbox 664 1979 747 2018; x_wconf 84' lang='grc' dir='ltr'>τῶν</span> <span class='ocrx_word' id='word_1_175' title='bbox 770 1979 944 2017; x_wconf 88' lang='grc' dir='ltr'>Κελτῶν</span> <span class='ocrx_word' id='word_1_176' title='bbox 967 1975 1248 2031; x_wconf 84' lang='grc' dir='ltr'>διαφθαρῆναι</span> <span class='ocrx_word' id='word_1_177' title='bbox 1268 1976 1372 2029; x_wconf 79' lang='grc' dir='ltr'>μετὰ</span> <span class='ocrx_word' id='word_1_178' title='bbox 1396 1981 1468 2028; x_wconf 82' lang='grc' dir='ltr'>τῆς</span> <span class='ocrx_word' id='word_1_179' title='bbox 1491 1976 1715 2029; x_wconf 80' lang='grc' dir='ltr'>δυνάμεως.</span> 
     </span>
    </p>

    <p class='ocr_par' dir='ltr' id='par_1_4' title="bbox 1493 2056 1675 2098">
     <span class='ocr_line' id='line_1_23' title="bbox 1493 2056 1675 2098; baseline 0.016 -6"><span class='ocrx_word' id='word_1_180' title='bbox 1493 2056 1557 2098; x_wconf 83' lang='lat' dir='ltr'>(iii.</span> <span class='ocrx_word' id='word_1_181' title='bbox 1582 2058 1675 2097; x_wconf 64' lang='grc'>113.)</span> 
     </span>
    </p>
   </div>
   <div class='ocr_carea' id='block_1_4' title="bbox 497 2158 1823 2216">
    <p class='ocr_par' dir='ltr' id='par_1_5' title="bbox 497 2158 1823 2216">
     <span class='ocr_line' id='line_1_24' title="bbox 497 2158 1823 2216; baseline 0 -16"><span class='ocrx_word' id='word_1_182' title='bbox 497 2161 544 2202; x_wconf 87' lang='lat' dir='ltr'>L.</span> <span class='ocrx_word' id='word_1_183' title='bbox 575 2160 698 2200; x_wconf 75' lang='grc' dir='ltr'>Ἀλλ’</span> <span class='ocrx_word' id='word_1_184' title='bbox 723 2159 832 2212; x_wconf 84' lang='grc' dir='ltr'>ὅμως</span> <span class='ocrx_word' id='word_1_185' title='bbox 863 2159 933 2200; x_wconf 85' lang='grc' dir='ltr'>τὸν</span> <span class='ocrx_word' id='word_1_186' title='bbox 956 2159 1030 2212; x_wconf 83' lang='grc' dir='ltr'>μὲν</span> <span class='ocrx_word' id='word_1_187' title='bbox 1061 2158 1147 2199; x_wconf 78' lang='grc' dir='ltr'>ἀπὸ</span> <span class='ocrx_word' id='word_1_188' title='bbox 1178 2161 1260 2199; x_wconf 87' lang='grc' dir='ltr'>τῶν</span> <span class='ocrx_word' id='word_1_189' title='bbox 1291 2162 1471 2216; x_wconf 71' lang='grc' dir='ltr'>Θρᾳκῶν</span> <span class='ocrx_word' id='word_1_190' title='bbox 1502 2158 1688 2212; x_wconf 89' lang='grc' dir='ltr'>πόλεμον</span> <span class='ocrx_word' id='word_1_191' title='bbox 1713 2159 1823 2200; x_wconf 81' lang='grc' dir='ltr'>κατὰ</span> 
     </span>
    </p>
   </div>
   <div class='ocr_carea' id='block_1_5' title="bbox 411 2235 1822 2293">
    <p class='ocr_par' dir='ltr' id='par_1_6' title="bbox 411 2235 1822 2293">
     <span class='ocr_line' id='line_1_25' title="bbox 411 2235 1822 2293; baseline 0.001 -14"><span class='ocrx_word' id='word_1_192' title='bbox 411 2237 486 2290; x_wconf 70' lang='grc' dir='ltr'>τὴν</span> <span class='ocrx_word' id='word_1_193' title='bbox 508 2238 730 2291; x_wconf 85' lang='grc' dir='ltr'>συνήθειαν</span> <span class='ocrx_word' id='word_1_194' title='bbox 754 2236 1028 2293; x_wconf 83' lang='grc' dir='ltr'>ἀναφέροντες</span> <span class='ocrx_word' id='word_1_195' title='bbox 1054 2236 1194 2290; x_wconf 80' lang='grc' dir='ltr'>ἔμενον</span> <span class='ocrx_word' id='word_1_196' title='bbox 1219 2238 1287 2278; x_wconf 86' lang='grc' dir='ltr'>ἐπὶ</span> <span class='ocrx_word' id='word_1_197' title='bbox 1313 2240 1396 2278; x_wconf 87' lang='grc' dir='ltr'>τῶν</span> <span class='ocrx_word' id='word_1_198' title='bbox 1420 2238 1467 2289; x_wconf 83' lang='grc' dir='ltr'>ἐξ</span> <span class='ocrx_word' id='word_1_199' title='bbox 1495 2238 1629 2291; x_wconf 80' lang='grc' dir='ltr'>ἀρχῆς</span> <span class='ocrx_word' id='word_1_200' title='bbox 1651 2235 1822 2280; x_wconf 87' lang='grc' dir='ltr'>δικαίων</span> 
     </span>
    </p>
   </div>
  </div>
 </body>
</html>
