1980 3290
425 283 512 330 288
574 281 983 331 MONUMENTA
1028 281 1373 331 HISTORICA
1419 282 1683 331 OELTIOA

424 411 519 456 τούς
552 430 595 453 τε
628 412 858 466 φεύγοντας
891 411 1143 463 ἐξεδέξαντο,
1183 411 1253 452 καὶ
1285 412 1373 464 μετ’
1409 411 1556 464 ὀλίγον
1591 411 1834 462 συνέβαλον

421 494 506 533 τοῖς
538 488 756 541 Ῥωμαίοις
785 488 890 542 μετὰ
919 490 1107 541 μεγάλης
1138 487 1266 543 ὁρμῆς
1297 489 1367 530 καὶ
1399 476 1647 543 προθυμίας.
1708 491 1830 541 ἡττη-

421 567 559 611 θέντες
599 566 641 607 δὲ
681 569 731 620 τῇ
770 566 891 621 μάχῃ
931 565 1175 620 παραυτίκα
1215 567 1370 609 πάντες
1419 565 1669 620 παρέδωκαν
1718 570 1832 620 σφᾶς

419 644 570 689 αὐτοὺς
611 644 681 685 καὶ
722 643 798 695 τὴν
837 643 966 685 πόλιν
1005 643 1060 687 εἰς
1100 642 1176 694 τὴν
1219 642 1436 695 Ῥωμαίων
1478 642 1639 685 πίστιν.
1719 642 1738 684 ὁ
1789 644 1832 686 δὲ

420 721 595 766 Κόιντος
615 721 753 776 κύριος
774 719 989 773 γενόμενος
1021 719 1178 761 τούτων
1208 723 1290 761 τῶν
1321 720 1459 766 ἐθνῶν,
1493 719 1738 774 παραυτίκα
1757 720 1832 773 μὲν

418 803 491 851 τῆς
511 799 654 855 χώρας
675 799 779 849 ὅσην
800 797 1011 852 ἐνεδέχετο
1033 797 1270 852 προσέθηκε
1291 802 1375 841 τοῖς
1401 798 1750 850 Μασσαλιήταις,
1774 798 1830 842 εἰς

417 876 459 918 δὲ
481 875 528 917 τὸ
547 876 708 929 μέλλον
729 876 863 929 ὅμηρα
885 874 979 918 τοὺς
999 874 1279 927 Λιγυστίνους
1300 874 1517 927 ἠνάγκασε
1538 874 1697 916 διδόναι
1718 876 1828 916 κατά

415 971 531 998 τινας
552 953 729 996 τακτοὺς
749 951 926 1008 χρόνους
947 956 1031 996 τοῖς
1053 952 1404 1004 Μασσαλιήταις.

502 1056 675 1096 LXXX.
713 1054 931 1104 Πολύβιος
972 1054 1014 1096 δὲ
1047 1054 1122 1107 τὴν
1154 1054 1363 1109 Εὐρώπην
1397 1057 1691 1110 χωρογραφῶν
1730 1055 1825 1099 τοὺς

411 1132 485 1185 μὲν
505 1131 708 1187 ἀρχαίους
730 1133 801 1173 ἐᾶν
822 1135 939 1186 φησι,
964 1132 1058 1177 τοὺς
1081 1131 1114 1172 δ’
1136 1131 1314 1176 ἐκείνους
1328 1132 1582 1187 ἐλέγχοντας
1604 1133 1822 1184 ἐξετάζειν,

412 1209 676 1266 Δικαίαρχόν
716 1228 760 1251 τε
800 1211 870 1251 καὶ
910 1209 1192 1264 Ἐρατοσθένη
1233 1209 1305 1250 τὸν
1345 1214 1586 1251 τελευταῖον
1625 1228 1821 1265 πραγμα-

411 1288 666 1340 τευσάμενον
705 1289 800 1343 περὶ
832 1287 1100 1343 γεωγραφίας
1140 1288 1209 1328 καὶ
1257 1286 1441 1337 Πυθέαν,
1487 1287 1552 1341 ὑφ’
1594 1288 1642 1328 οὗ
1685 1305 1820 1342 παρα-

410 1366 669 1421 κρουσθῆναι
703 1365 904 1412 πολλούς,
942 1366 1046 1416 ὅλην
1079 1365 1153 1418 μὲν
1189 1364 1264 1416 τὴν
1295 1364 1579 1419 Βρεττανικὴν
1609 1364 1821 1416 ἐμβαδὸν1

408 1444 601 1485 ἐπελθεῖν
622 1445 873 1498 φάσκοντος,
898 1442 973 1494 τὴν
995 1442 1037 1483 δὲ
1058 1441 1305 1497 περίμετρον
1336 1441 1542 1483 πλειόνων
1563 1441 1588 1493 ἢ
1610 1441 1821 1496 τεττάρων

406 1521 619 1575 μυριάδων
640 1519 869 1564 ἀποδόντος
891 1522 962 1570 τῆς
984 1519 1127 1572 νήσου,
1160 1518 1582 1573 προσιστορήσαντος
1610 1518 1652 1559 δὲ
1673 1519 1744 1560 καὶ
1767 1519 1818 1560 τὰ,

406 1598 502 1653 περὶ
524 1600 595 1649 τῆς
617 1597 784 1649 Θούλης
805 1597 875 1638 καὶ
899 1599 981 1638 τῶν
1012 1596 1154 1637 τόπων
1185 1595 1360 1642 ἐκείνων,
1388 1597 1429 1637 ἐν
1453 1597 1512 1639 οἷς
1534 1596 1628 1637 οὔτε
1647 1598 1701 1649 γῆ
1723 1597 1817 1638 καθ’

406 1675 538 1727 αὑτὴν
561 1676 750 1730 ὑπῆρχεν
770 1675 830 1716 ἔτι
861 1675 956 1715 οὔτε
988 1674 1184 1715 θάλαττα
1215 1674 1298 1715 οὔτ’
1330 1674 1421 1728 ἀήρ,
1454 1673 1571 1714 ἀλλὰ
1603 1674 1815 1729 σύγκριμά

405 1771 445 1794 τι
467 1754 511 1794 ἐκ
533 1753 691 1794 τούτων
713 1752 918 1805 πλεύμονι
949 1751 1167 1805 θαλαττίῳ
1200 1750 1341 1798 ἐοικός,
1376 1753 1418 1793 ἐν
1449 1751 1480 1807 ᾧ
1512 1755 1617 1806 φησι
1643 1752 1718 1804 τὴν
1738 1755 1816 1805 γῆν

404 1832 475 1872 καὶ
497 1830 573 1882 τὴν
595 1831 815 1872 θάλατταν
836 1830 1083 1885 αἰωρεῖσθαι
1114 1830 1184 1871 καὶ
1216 1829 1268 1870 τὰ
1299 1829 1540 1882 σύμπαντα,
1573 1830 1643 1870 καὶ
1669 1833 1816 1871 τοῦτον

403 1912 456 1954 ὡς
476 1910 527 1950 ἂν
552 1908 706 1961 δεσμὸν
736 1908 839 1949 εἶναι
871 1911 953 1949 τῶν
982 1908 1104 1954 ὅλων,
1136 1907 1240 1960 μήτε
1271 1906 1476 1961 πορευτὸν
1504 1907 1609 1960 μήτε
1640 1907 1814 1949 πλωτὸν

404 1987 666 2042 ὑπάρχοντα.
727 1985 773 2027 τὸ
794 1986 868 2039 μὲν
885 1986 957 2027 οὖν
978 1987 1035 2040 τῷ
1053 1985 1257 2038 πλεύμονι
1275 1984 1406 2029 ἐοικὸς
1426 1985 1551 2028 αὐτὸς
1573 1984 1810 2039 ἑωρακέναι,

401 2064 543 2105 τᾶλλα
575 2063 618 2104 δὲ
646 2063 785 2116 λέγειν
816 2063 862 2114 ἐξ
891 2063 1029 2114 ἀκοῆς.
1090 2065 1224 2103 ταῦτα
1254 2061 1328 2114 μὲν
1359 2061 1412 2102 τὰ
1443 2065 1515 2103 τοῦ
1538 2061 1716 2107 Πυθέου,
1740 2062 1810 2103 καὶ

400 2138 505 2180 διότι
538 2138 783 2179 ἐπανελθὼν
816 2136 975 2178 ἐνθένδε
1006 2139 1154 2177 πᾶσαν
1187 2135 1361 2176 ἐπέλθοι
1394 2135 1469 2186 τὴν
1503 2139 1810 2190 παρωκεανῖτιν

398 2221 470 2268 τῆς
504 2216 708 2271 Εὐρώπης
735 2214 820 2256 ἀπὸ
853 2213 1062 2268 Γαδείρων
1098 2214 1171 2257 ἕως
1206 2212 1421 2257 Τανάιδος·
1474 2213 1580 2267 φησὶ
1616 2212 1648 2253 δ’
1682 2214 1752 2254 οὖν
1786 2211 1806 2253 ὁ

470 2349 478 2369 ¹
505 2354 592 2388 Vide
621 2364 745 2394 supra,
776 2365 809 2394 p.
842 2353 898 2391 04,
928 2355 1014 2385 note
1046 2352 1076 2384 ⁴³.
1130 2351 1203 2383 'For
1234 2351 1340 2383 other
1371 2350 1552 2384 criticism
1581 2350 1618 2383 of
1647 2350 1806 2391 Pytheas

394 2413 473 2446 «vide
493 2424 617 2454 supra,
653 2424 710 2454 pp.
731 2411 859 2445 {zo—87.
