1980 3290
414 280 500 327 170
569 280 983 327 MONUMENTA
1016 279 1363 326 HISTORICA
1397 279 1662 326 CELTIOA

410 408 496 449 οἷον
518 407 800 449 δυναστεῦσαι
830 410 913 449 τῶν
943 407 1052 449 κατὰ
1083 407 1158 459 τὴν
1178 406 1367 449 Ἰταλίαν
1388 406 1486 447 ἀλλ’
1509 407 1593 448 οὐδ’
1615 408 1821 462 ἀσφαλῶς

410 486 580 537 οἰκῆσαι
601 485 678 538 τὴν
707 487 865 527 ἑαυτῶν
895 485 1092 540 πατρίδα,
1126 485 1296 528 τούτους
1327 485 1492 539 ἔχοντες
1513 484 1707 539 ἐφέδρους
1728 484 1823 528 τοὺς

411 563 575 618 ἄνδρας.
647 562 791 618 διόπερ
850 563 937 615 ἅμα
996 567 1053 617 τῷ
1112 562 1550 617 διαπρεσβευσάμενοι
1597 561 1702 617 πρὸς
1751 562 1823 604 τὸν

412 641 685 695 Ἀσδρούβαν
717 641 984 692 ποιήσασθαι
1016 640 1240 691 συνθήκας,
1276 640 1317 681 ἐν
1350 640 1414 683 αἶς
1454 639 1530 690 τὴν
1568 639 1643 692 μὲν
1683 639 1823 690 ἄλλην

413 718 604 773 Ἰβηρίαν
634 718 933 774 παρεσιώπων,
969 717 1040 759 τὸν
1073 718 1114 759 δὲ
1147 717 1406 769 καλούμενον
1439 718 1594 771 ’Ίβηρα
1632 716 1825 769 ποταμὸν

415 798 490 838 οὐκ
541 796 620 837 ἔδει
669 796 989 852 Καρχηδονίους
1038 796 1106 837 ἐπὶ
1155 794 1327 848 πολέμῳ
1379 794 1625 844 διαβαίνειν,
1676 793 1825 839 εὐθέως

414 875 639 928 ἐξήνεγκαν
661 873 732 915 τὸν
752 873 856 928 πρὸς
877 873 971 917 τοὺς
993 873 1102 914 κατὰ
1124 872 1199 925 τὴν
1212 871 1403 913 Ἰταλίαν
1418 871 1604 917 Κελτοὺς
1624 871 1824 924 πόλεμον.

1534 946 1584 987 (ii.
1607 946 1677 988 13.)

502 1022 627 1061 VIII.
663 1016 792 1071 ’Τπὲρ
815 1017 870 1058 ὧν
893 1015 1004 1057 δοκεῖ
1021 1033 1092 1068 μοι
1112 1014 1322 1069 χρήσιμον
1344 1014 1448 1056 εἶναι
1466 1013 1738 1068 κεφαλαιώδη
1753 1013 1828 1066 μὲν

414 1098 681 1149 ποιήσασθαι
702 1094 777 1146 τὴν
798 1094 1008 1147 ἐξήγησιν,
1043 1093 1109 1135 ἵνα
1139 1092 1185 1133 τὸ
1217 1096 1289 1143 τῆς
1309 1095 1658 1146 προκατασκευῆς
1679 1091 1829 1132 οἰκεῖον

416 1175 710 1226 συσσώσωμεν
743 1171 851 1213 κατὰ
884 1171 960 1223 τὴν
992 1171 1038 1223 ἐξ
1068 1171 1203 1224 ἀρχῆς
1242 1169 1458 1224 πρόθεσιν,
1500 1169 1754 1224 ἀναδραμεῖν
1787 1168 1829 1209 δὲ

415 1257 501 1298 τοῖς
522 1251 689 1308 χρόνοις
710 1250 778 1291 ἐπὶ
799 1248 875 1300 τὴν
896 1248 1043 1303 ἀρχήν,
1068 1248 1114 1299 ἐξ
1133 1248 1230 1288 ὅτου
1251 1246 1463 1301 κατέσχον
1484 1247 1523 1288 οἱ
1542 1245 1830 1301 προειρημένοι

416 1331 492 1383 τὴν
513 1330 671 1385 χώραν·
731 1329 912 1381 ἡγοῦμαι
932 1326 1013 1381 γὰρ
1044 1325 1120 1377 τὴν
1140 1325 1235 1380 περὶ
1258 1325 1396 1366 αὐτῶν
1422 1324 1614 1378 ἱστορίαν
1636 1323 1682 1365 οὐ
1703 1323 1830 1376 μόνον

416 1408 540 1462 ἀξίαν
562 1408 666 1449 εἶναι
687 1405 881 1459 γνώσεως
903 1405 972 1446 καὶ
986 1403 1158 1456 μνήμης,
1192 1402 1308 1443 ἀλλὰ
1330 1403 1400 1444 καὶ
1422 1401 1571 1446 τελέως
1594 1401 1831 1455 ἀναγκαίαν

416 1489 543 1542 χάριν
576 1489 648 1527 τοῦ
680 1486 828 1538 μαθεῖν
861 1482 949 1524 τίσι
980 1481 1085 1535 μετὰ
1118 1485 1252 1523 ταῦτα
1284 1481 1519 1525 πιστεύσας
1551 1471 1731 1536 ἀνδράσι
1761 1480 1832 1522 καὶ

417 1564 561 1609 τόποις
581 1562 784 1613 Ἀννίβας
809 1562 1046 1611 ἐπεβάλετο
1078 1559 1305 1601 καταλύειν
1335 1558 1411 1611 τὴν
1441 1558 1657 1611 Ῥωμαίων
1679 1558 1830 1600 δυνασ-

417 1642 544 1684 τείαν.
617 1643 785 1696 πρῶτον
818 1639 860 1680 δὲ
892 1638 987 1693 περὶ
1020 1641 1094 1689 τῆς
1124 1637 1266 1692 χώρας
1297 1635 1454 1691 ῥητέον,
1488 1635 1592 1677 ποία
1624 1635 1685 1680 τίς
1717 1636 1833 1677 ἐστιν

418 1721 488 1762 καὶ
509 1722 597 1763 πῶς
628 1722 762 1760 κεῖται
791 1716 895 1771 πρὸς
917 1716 992 1768 τὴν
1024 1715 1162 1766 ἄλλην
1191 1714 1394 1756 Ἰταλίαν·
1436 1714 1566 1758 οὕτως
1598 1713 1679 1768 γὰρ
1712 1713 1833 1754 ἔσται

418 1798 487 1839 καὶ
537 1796 589 1837 τὰ
628 1796 723 1850 περὶ
763 1794 836 1838 τὰς
875 1794 1048 1848 πράξεις
1089 1791 1343 1847 διαφέροντα
1383 1795 1603 1833 κατανοεῖν
1642 1790 1830 1841 βέλτιον,

421 1873 748 1929 ὑπογραφέντων
787 1875 870 1913 τῶν
909 1870 1006 1926 περί
1044 1889 1088 1912 τε
1127 1870 1221 1914 τοὺς
1261 1868 1415 1913 τόπους
1455 1870 1525 1911 καὶ
1565 1868 1641 1920 τὴν
1688 1868 1834 1923 χώραν

420 1953 670 2004 ἰδιωμάτων.

502 2032 585 2081 Τῆς
618 2028 667 2080 δὴ
708 2028 940 2080 συμπάσης
978 2024 1165 2069 Ἰταλίας
1205 2028 1262 2079 τῷ
1295 2024 1488 2079 σχήματι
1527 2023 1835 2078 τριγωνοειδοῦς

422 2105 709 2161 ὑπαρχούσης,
743 2104 819 2157 τὴν
848 2104 923 2156 μὲν
952 2102 1053 2155 μίαν
1084 2101 1209 2157 ὁρίζει
1238 2101 1427 2156 πλευρὰν
1458 2101 1598 2152 αὐτῆς,
1632 2099 1709 2152 τὴν
1731 2099 1835 2154 πρὸς

421 2184 495 2229 τὰς
527 2182 738 2226 ἀνατολὰς
769 2180 1029 2233 κεκλιμένην,
1063 2180 1085 2221 ὅ
1118 2180 1152 2221 τ’
1184 2178 1327 2223 Ἰόνιος
1366 2177 1495 2234 πόρος
1535 2178 1605 2219 καὶ
1646 2177 1756 2218 κατὰ
1788 2177 1834 2218 τὸ

422 2261 596 2316 συνεχὲς
628 2259 647 2301 ὁ
681 2259 790 2300 κατὰ
822 2258 894 2300 τὸν
925 2253 1099 2312 Ἀδρίαν
1131 2256 1301 2303 κόλπος,
1337 2256 1413 2308 τὴν
1453 2255 1494 2296 δὲ
1534 2254 1638 2310 πρὸς
1675 2273 1833 2308 μεσημ-

419 2339 550 2394 βρίαν
571 2338 641 2380 καὶ
664 2336 824 2389 δυσμὰς
855 2334 1137 2390 τετραμμένην
1167 2334 1214 2375 τὸ
1244 2331 1465 2377 Σικελικὸν
1490 2334 1560 2374 καὶ
1580 2331 1836 2387 Τυρρηνικὸν

421 2416 620 2469 πέλαγος.
680 2416 806 2456 αὗται
827 2413 860 2454 δ’
883 2414 928 2454 αἱ
948 2412 1129 2467 πλευραὶ
1160 2410 1485 2464 συμπίπτουσαι
1506 2410 1610 2464 πρὸς
1639 2409 1836 2461 ἀλλήλας

422 2493 609 2549 κορυφὴν
629 2496 800 2534 ποιοῦσι
821 2494 893 2532 τοῦ
915 2490 1118 2546 τριγώνου
1132 2489 1178 2531 τὸ
1192 2488 1463 2543 προκείμενον
1484 2487 1742 2543 ἀκρωτήριον
1763 2490 1836 2538 τῆς

421 2570 609 2614 Ἰταλίας
630 2569 685 2614 εἰς
706 2569 781 2622 τὴν
800 2567 1083 2623 μεσημβρίαν,
1108 2567 1128 2608 ὃ
1145 2565 1505 2621 προσαγορεύεται
1516 2565 1592 2618 μὲν
1607 2563 1833 2610 Κόκυνθος,

424 2649 573 2704 διαιρεῖ
594 2647 636 2688 δὲ·
656 2647 729 2689 τὸν
749 2645 896 2688 Ἰόνιον
916 2644 1048 2701 πόρον
1069 2645 1138 2686 καὶ
1170 2643 1216 2685 τὸ
1247 2642 1469 2688 Σικελικὸν
1498 2642 1699 2694 πέλαγος.
1759 2640 1835 2693 τὴν

425 2726 468 2767 δὲ
488 2725 645 2778 λοιπὴν
666 2724 742 2777 τὴν
762 2725 881 2779 παρά
902 2741 947 2764 τε
967 2722 1042 2767 τὰς
1063 2722 1242 2778 ἄρκτους
1263 2721 1333 2762 καὶ
1351 2720 1426 2773 τὴν
1445 2718 1678 2773 μεσόγαιαν
1697 2735 1833 2773 παρα-
