1980 3290
374 276 463 327 200
531 285 943 334 MONUMENTA
976 288 1323 337 HISTORICA
1358 290 1624 339 OELTIOA

374 406 446 452 δύο
480 415 680 468 μυριάσιν
720 415 885 468 ἐπῆσαν
926 417 986 458 ἔτι
1026 421 1134 473 τρεῖς
1174 418 1377 474 χιλιάδες.
1448 419 1550 461 ὥστ’
1592 420 1696 463 εἶναι
1735 422 1784 464 τὸ

376 489 623 544 [κεφάλαιον
664 496 746 535 τῶν
784 494 858 548 μὲν
898 496 1227 551 προκαθημένων
1267 501 1339 549 τῆς
1375 497 1533 551 Ῥώμης
1574 498 1786 552 δυνάμεων

374 569 491 620 πεζοὶ
543 571 618 624 μὲν
663 572 763 628 ὑπὲρ
803 574 1103 616 πεντεκαίδεκα
1141 576 1347 631 μυριάδες,
1401 576 1543 621 ἱππεῖς
1592 576 1635 618 δὲ
1684 577 1787 634 πρὸς

384 647 705 704 (ξακισχιλίους,
740 651 788 693 τὸ
818 652 874 704 δὲ]
905 652 1078 706 σύμπαν
1108 654 1273 706 πλῆθος
1301 657 1382 696 τῶν
1410 654 1645 708 δυναμένων
1672 656 1789 698 ὅπλα

376 728 622 778 βαστάζειν,
661 732 798 772 αὐτῶν
834 750 878 773 τε
910 730 1125 784 Ῥωμαίων
1158 732 1227 774 καὶ
1255 735 1337 774 τῶν
1370 734 1620 789 συμμάχων,
1654 735 1790 785 πεζῶν

381 805 484 861 ὑπὲρ
499 806 572 850 τὰς
586 808 880 862 ἑβδομήκοντα
899 809 1115 865 μυριάδας,
1136 810 1298 852 ἱππέων
1313 810 1347 851 δ’
1367 811 1422 855 εἰς
1444 811 1553 854 ἑπτὰ
1573 811 1790 868 μυριάδας·

380 885 444 939 ἐφ’
468 885 536 929 οὓς
557 886 760 938 (Αννίβας
780 888 982 932 ἐλάττους
1004 887 1114 942 ἔχων
1146 887 1374 944 δισμυρίων
1405 889 1618 941 ἐπέβαλεν
1640 890 1695 934 εἰς
1716 888 1792 941 τὴν

379 964 582 1006 Ἰταλίαν.

1502 1027 1552 1068 (ii.
1574 1027 1646 1069 ⁴24.)

469 1119 588 1159 XIX.
624 1118 728 1172 Περὶ
769 1118 843 1171 μὲν
879 1118 950 1159 οὖν
991 1117 1149 1159 τούτων
1184 1119 1227 1160 ἐν
1267 1122 1352 1163 τοῖς
1397 1119 1491 1171 ἑξῆς
1532 1119 1795 1175 σαφέστερον

382 1195 598 1248 ἐκποιήσει
643 1200 875 1237 κατανοεῖν·
925 1196 964 1237 οἱ
1011 1195 1052 1236 δὲ
1107 1197 1264 1238 Κελτοὶ
1311 1199 1567 1253 κατάραντες
1619 1198 1674 1241 εἰς
1721 1196 1796 1249 τὴν

382 1273 616 1329 Τυρρηνίαν
637 1274 938 1329 ἐπεπορεύοντο
970 1273 1045 1326 τὴν
1075 1275 1220 1329 χώραν
1242 1276 1493 1331 πορθοῦντες
1521 1275 1660 1323 ἀδεῶς,
1685 1275 1795 1317 οὐδε-

385 1352 452 1396 νὸς
475 1351 509 1392 δ’
539 1354 678 1396 αὐτοῖς
709 1353 1058 1406 ἀντιταττομένου
1089 1352 1208 1396 τέλος
1240 1354 1305 1395 ἐπ’
1338 1352 1469 1405 αὐτὴν
1499 1353 1701 1409 ὥρμησαν
1723 1352 1798 1405 τὴν

386 1431 560 1483 Ῥώμην.
598 1430 676 1482 ἤδη
709 1429 743 1470 δ’
779 1432 916 1472 αὐτῶν
952 1431 1047 1486 περὶ
1083 1430 1213 1473 πόλιν
1254 1433 1384 1473 ὄντων
1425 1432 1451 1484 ἣ
1492 1435 1685 1473 καλεῖται
1725 1431 1799 1485 μὲν

387 1509 614 1556 Κλούσιον,
657 1508 808 1563 ἀπέχει
849 1509 883 1550 δ’
921 1512 1082 1566 ἡμερῶν
1123 1512 1247 1564 τριῶν
1283 1508 1378 1551 ὁδὸν
1405 1509 1491 1551 ἀπὸ
1527 1513 1599 1561 τῆς
1627 1509 1798 1563 Ῥώμης,

386 1586 759 1643 προσαγγέλλεται
793 1587 897 1630 διότι
932 1587 1112 1630 κατόπιν
1150 1590 1290 1633 αὐτοῖς
1325 1588 1497 1629 ἕπονται
1529 1587 1599 1629 καὶ
1639 1588 1800 1629 συνάπ-

388 1683 532 1707 τουσιν
573 1666 618 1707 αἱ
663 1666 979 1721 προκαθήμεναι
1025 1669 1108 1708 τῶν
1152 1666 1367 1719 Ῥωμαίων
1411 1666 1453 1707 ἐν
1497 1669 1548 1721 τῇ
1593 1665 1804 1722 Τυρρηνίᾳ

390 1743 593 1797 δυνάμεις.
654 1744 693 1785 οἱ
714 1743 748 1784 δ’
782 1744 1037 1789 ἀκούσαντες
1062 1747 1109 1799 ἐξ
1139 1746 1410 1800 ὑποστροφῆς
1441 1743 1652 1796 ἀπήντων,
1675 1743 1803 1785 σπεύ-

392 1822 529 1866 δοντες
551 1821 713 1866 τούτοις
735 1824 992 1875 συμβαλεῖν.
1052 1823 1298 1877 ε’νγνγίσαντες
1321 1821 1355 1862 δ’
1379 1822 1587 1875 ἀλλήλοις
1608 1822 1686 1874 ἤδη
1709 1821 1805 1876 περὶ

392 1899 553 1954 δυσμὰς
581 1900 713 1954 ἡλίου,
738 1900 832 1943 τότε
857 1902 931 1954 μὲν
960 1902 1000 1942 ἐν
1028 1900 1252 1956 συμμέτρῳ
1281 1900 1536 1953 διαστήματι
1563 1917 1804 1954 καταστρα-

391 1979 718 2023 τοπεδεύσαντες
751 1979 1022 2031 ηὐλίσθησαν
1057 1978 1297 2034 ἀμφότεροι·
1339 1983 1412 2031 τῆς
1453 1978 1495 2019 δὲ
1530 1977 1677 2022 νυκτὸς
1717 1978 1805 2019 ἐπι-

394 2057 612 2111 Ὑενομένης
652 2060 737 2112 πῦρ
778 2057 1093 2102 ἀνακαύσαντες
1134 2057 1173 2098 οἱ
1217 2057 1373 2099 Κελτοὶ
1413 2056 1508 2101 τοὺς
1547 2056 1622 2110 μὲν
1665 2056 1809 2100 ἱππεῖς

395 2136 621 2183 ἀπέλιπον,
651 2137 933 2188 συντάξαντες
961 2135 1048 2189 ἅμα
1083 2139 1140 2190 τῷ
1168 2135 1277 2191 φωτὶ
1305 2139 1538 2191 συμφανεῖς
1570 2133 1809 2189 ’γενομένους

396 2218 482 2259 τοῖς
518 2214 734 2268 πολεμίοις
768 2215 1005 2270 ὑποχωρεῖν
1046 2213 1156 2256 κατὰ
1196 2213 1269 2255 τὸν
1310 2213 1438 2255 αὐτὸν
1477 2213 1644 2264 στίβον,
1691 2211 1810 2254 αὐτοὶ

397 2293 440 2334 δὲ
478 2292 690 2348 λαθραίαν
731 2292 1008 2346 ποιησάμενοι
1047 2291 1123 2344 τὴν
1163 2292 1442 2347 ἀποχώρησιν
1483 2294 1536 2336 ὡς
1575 2291 1643 2333 ἐπὶ
1683 2289 1811 2332 πόλιν

397 2371 623 2414 Φαισόλαν
659 2373 787 2414 αὐτοῦ
827 2370 1135 2426 παρενέβαλον,
1170 2369 1373 2426 πρόθεσιν
1409 2370 1576 2426 ἔχοντες
1616 2367 1718 2422 lipta-
1737 2367 1811 2421 μὲν

399 2450 648 2506 ἐκδέχεσθαι
670 2449 764 2494 τοὺς
786 2450 943 2491 ἑαυτῶν
967 2449 1119 2496 ἱππεῖς,
1140 2449 1227 2503 ἅμα
1245 2448 1287 2490 δὲ
1308 2447 1556 2504 παραδόξως
1578 2449 1812 2503 ἐνοχλῆσαι

399 2528 474 2581 τὴν
507 2531 591 2570 τῶν
625 2527 881 2570 ὑπεναντίων
914 2527 1076 2583 ἔφοδον.
1150 2528 1189 2569 οἱ
1229 2526 1272 2568 δὲ
1307 2527 1503 2580 Ῥωμαῖοι
1546 2530 1618 2579 τῆς
1659 2524 1813 2580 ἡμέρας
