1980 3290
403 271 489 318 164
559 271 973 318 MONUMENTA
1008 272 1359 319 HISTORICA
1394 272 1660 321 CELTICA

397 400 515 454 παρὰ
536 404 622 444 τοῖς
647 399 907 443 ὑπεναντίοις
939 399 1103 442 ἱππέων
1124 401 1194 442 καὶ
1228 400 1395 455 θηρίων,
1426 403 1517 444 ταῖς
1539 401 1573 442 δ’
1597 401 1819 456 ὑπωρείαις

395 478 763 532 ἀντιπαράγοντας
779 478 849 519 καὶ
867 477 1258 531 συνεπιτιθεμένους
1272 478 1383 519 κατὰ
1399 477 1472 522 τὰς
1488 479 1816 524 ὑποπιπτούσας

395 556 457 596 ἀεὶι
499 555 757 610 δυσχερείας.
819 555 906 608 ἅμα
946 556 988 596 δὲ
1028 559 1118 600 ταῖς
1153 555 1353 600 ἐπινοίαις
1388 555 1559 600 ταύταις
1599 557 1669 598 καὶ
1709 556 1818 611 πρὸς

395 633 490 677 τοὺς
520 633 722 686 Νομάδας
753 633 822 674 καὶ
853 633 947 677 τοὺς
978 633 1144 683 Λίβυας
1175 633 1394 686 ἐξέπεμπε,
1428 632 1615 686 δεόμενος
1639 635 1815 685 βοηθεῖν

396 711 523 765 σφίσι
572 711 642 752 καὶ
690 710 746 764 μὴ
797 713 1133 765 καταπροίεσθαι
1173 711 1268 755 τοὺς
1310 711 1412 766 ὑπὲρ
1453 715 1526 763 τῆς
1575 711 1814 766 ἐλευθερίας

397 788 576 842 καιρούς.
637 787 656 829 ὁ
699 789 741 829 δὲ
781 786 981 832 Σπένδιος
1020 789 1290 843 προσλαβὼν
1330 789 1376 830 ἐκ
1410 793 1484 830 τοῦ
1517 789 1700 841 Τύνητος
1740 789 1815 843 ἀφ’

398 868 581 908 ἑκάστου
611 869 694 908 τῶν
723 869 854 920 «γενῶν
884 866 978 910 τοὺς
1008 868 1171 911 πάντας
1207 867 1261 911 εἷς
1292 866 1608 922 ἑξακισχιλίους
1640 870 1815 922 προῆνγε,

399 947 489 988 ταῖς
522 944 743 999 ὑπωρείαις
774 945 1075 999 ἀντιπαράγων
1108 948 1192 989 τοῖς
1233 944 1552 999 Καρχηδονίοις,
1586 945 1696 1000 ἔχων
1728 944 1816 997 ἅμα

400 1025 485 1066 τοῖς
515 1021 825 1077 προειρημένοις
855 1023 925 1064 καὶ
956 1023 1051 1066 τοὺς
1079 1023 1167 1076 μετ’
1190 1022 1429 1077 Αὐταρίτου
1460 1024 1669 1070 Γαλάτας,
1693 1023 1817 1065 ὄντας

400 1100 455 1143 εἷς
477 1099 727 1154 δισχιλίους·
788 1100 836 1141 τὸ
866 1099 947 1155 Γγὰρ
977 1100 1130 1142 λοιπὸν
1159 1100 1279 1155 μέρος
1310 1102 1448 1142 αὐτῶν
1469 1104 1541 1142 τοῦ
1563 1100 1655 1141 κατ’
1681 1099 1817 1155 ἀρχὰς

402 1177 673 1230 συστήματος
694 1177 973 1231 ηὐτομολήκει
1004 1177 1109 1233 πρὸς
1140 1178 1234 1222 τοὺς
1265 1177 1493 1231 Ῥωμαίους
1523 1178 1565 1219 ἐν
1598 1181 1688 1221 ταῖς
1721 1177 1817 1231 περὶ

403 1256 476 1296 τὸν
491 1256 652 1310 ’Έρυκα
673 1255 1029 1310 στρατοπεδείαις.
1065 1287 1072 1296 .
1107 1287 1115 1296 .
1149 1288 1157 1297 .

488 1333 538 1374 ‘O
569 1333 644 1386 μὲν
675 1334 747 1374 οὖν
777 1334 967 1383 Λιβυκὸς
997 1333 1180 1386 πόλεμος
1211 1333 1266 1377 εἷς
1294 1333 1490 1384 τοιαύτην
1511 1333 1683 1386 ἀγαγὼν
1703 1333 1818 1388 περί-

405 1430 560 1453 στασιν
583 1411 900 1466 Καρχηδονίους
922 1415 1110 1453 τοιοῦτον
1132 1411 1235 1466 ἔσχε
1256 1411 1302 1452 τὸ
1325 1411 1455 1458 τέλος,
1481 1411 1590 1452 ὥστε
1614 1410 1670 1463 μὴ
1692 1410 1820 1463 μόνον

405 1493 621 1544 κυριεῦσαι
654 1491 788 1530 πάλιν
821 1493 893 1540 τῆς
926 1489 1089 1540 Λιβύης
1117 1490 1211 1533 τοὺς
1243 1489 1570 1543 Καρχηδονίους,
1604 1488 1719 1529 ἀλλὰ
1751 1490 1819 1530 καὶ

406 1567 499 1611 τοὺς
521 1566 678 1611 αἰτίους
710 1571 782 1618 τῆς
810 1568 1090 1611 ἀποστάσεως
1118 1567 1442 1621 τιμωρήσασθαι
1470 1567 1691 1618 καταξίως·
1726 1599 1734 1608 .
1769 1599 1776 1607 .
1812 1599 1818 1607 .

407 1645 502 1699 τρία
536 1645 611 1697 μὲν
646 1645 718 1686 οὖν
754 1645 825 1696 ἔτη
860 1646 930 1687 καὶ
966 1645 1168 1700 τέτταράς
1203 1663 1286 1686 που
1315 1649 1448 1697 μῆνας
1483 1644 1753 1697 ἐπολέμησαν
1784 1645 1822 1685 οἱ

406 1722 660 1777 μισθοφόροι
681 1723 785 1777 πρὸς
807 1723 900 1766 τοὺς
923 1722 1240 1777 Καρχηδονίους
1260 1721 1461 1775 πόλεμον,
1486 1723 1541 1763 ὧν
1565 1726 1680 1775 ἡμεῖς
1702 1724 1822 1774 ἴσμεν

407 1802 512 1855 ἀκοῇ
532 1800 750 1852 μαθόντες,
773 1801 888 1842 πολύ
909 1819 949 1842 τι
980 1800 1074 1844 τοὺς
1096 1800 1255 1844 ἄλλους
1278 1799 1461 1852 ὠμότητι
1483 1801 1552 1841 καὶ
1578 1799 1819 1856 παρανομίᾳ

409 1877 693 1933 διενηνοχότα·

1479 1936 1515 1978 (i.
1537 1936 1674 1978 65-88.)

495 2031 573 2070 VI.
607 2027 683 2069 Διὸ
716 2027 785 2068 καὶ
819 2030 903 2070 τοῖς
934 2027 1009 2078 μὲν
1039 2027 1084 2067 ἐκ
1116 2026 1246 2080 τύχης
1276 2025 1504 2067 πταίουσιν
1534 2026 1648 2069 ἕλεος
1678 2026 1823 2067 ἕπεται

409 2106 514 2159 μετὰ
562 2105 813 2159 συγγνώμης
862 2104 931 2145 καὶ
981 2104 1210 2158 ἐπικουρία,
1254 2107 1338 2147 τοῖς
1379 2103 1421 2144 δὲ
1462 2103 1528 2144 διὰ
1569 2103 1644 2155 τὴν
1684 2104 1822 2144 αὑτῶν

411 2184 623 2234 ἀβουλίαν
654 2182 806 2225 ὄνειδος
837 2182 906 2223 καὶ
937 2181 1178 2233 ἐπιτίμησις
1209 2182 1564 2232 συνεξακολουθεῖ
1590 2180 1707 2235 παρὰ
1735 2184 1820 2224 τοῖς

412 2263 456 2303 εὖ
489 2265 727 2316 φρονοῦσιν.
788 2259 813 2300 ἃ
848 2259 896 2311 δὴ
925 2259 994 2301 καὶ
1022 2258 1116 2300 τότε
1148 2258 1265 2313 παρὰ
1293 2261 1375 2300 τῶν
1403 2259 1621 2310 Ἑλλήνων
1651 2258 1820 2302 εἰκότως

413 2340 464 2381 ἂν
486 2343 570 2383 τοῖς
591 2338 869 2389 Ἠπειρώταις
891 2337 1125 2389 ἀπηντήθη.
1185 2339 1353 2390 πρῶτον
1382 2336 1463 2391 «γὰρ
1491 2336 1553 2380 τίς
1574 2337 1649 2378 οὐκ
1671 2336 1722 2378 ἂν
1743 2335 1819 2387 τὴν
