1980 3290
392 274 479 322 210
548 272 957 321 MONUMENTA
993 271 1340 321 HISTORICA
1376 272 1641 321 CELTIGA

391 402 551 458 χρείαν.
612 402 660 444 τὸ
699 403 773 456 μὲν
813 403 884 444 οὖν
925 405 1092 458 πρῶτον
1142 403 1266 446 αὐτὸς
1317 401 1337 444 ὁ
1388 401 1497 443 κατὰ
1547 401 1619 443 τὸν
1666 401 1802 457 λόφον

391 478 616 530 ἐνειστήκει
634 478 831 524 κίνδυνος,
851 479 1012 520 ἅπασιν
1035 478 1091 519 ὢν
1113 477 1322 522 σύνοπτος
1344 480 1397 523 ὡς
1418 478 1468 519 ἂν
1491 477 1578 529 ἅμα
1599 476 1802 518 τοσούτου

390 556 580 608 πλήθους
626 556 791 598 ἱππέων
831 556 904 611 ἀφ’
954 557 1136 598 ἑκάστου
1177 559 1260 598 τῶν
1301 555 1600 611 στρατοπέδων
1648 555 1804 609 ἀναμὶξ

390 634 597 686 ἀλλήλοις
624 633 996 688 συμπεπτωκότος.
1057 635 1099 676 ἐν
1127 634 1169 676 δὲ
1205 634 1338 690 τούτῳ
1374 636 1432 689 τῷ
1470 635 1599 688 καιρῷ
1642 632 1803 684 συνέβη

390 712 515 753 Γάιον
540 712 615 765 μὲν
643 712 714 754 τὸν
742 713 905 754 ὕπατον
937 711 1201 768 παραβόλως
1237 711 1539 767 ἀγωνιζόμενον
1574 711 1616 753 ἐν
1650 713 1804 767 χειρῶν

390 789 501 845 νόμῳ
523 795 775 843 τελευτῆσαι
804 790 877 832 τὸν
904 790 1016 841 βίον,
1041 789 1116 843 τὴν
1145 790 1187 832 δὲ
1216 789 1407 846 κεφαλὴν
1431 791 1559 832 αὐτοῦ
1586 788 1690 845 πρὸς
1711 788 1805 833 τοὺς

389 868 600 920 βασιλέας
622 870 952 924 ἐπανενεχθῆναι
974 873 1057 911 τῶν
1085 872 1273 917 Κελτῶν,
1298 868 1392 913 τοὺς
1421 867 1463 909 δὲ
1485 871 1567 910 τῶν
1588 865 1804 921 Ῥωμαίων

391 948 534 991 ἱππεῖς
575 946 923 992 κινδυνεύσαντας
964 947 1201 1003 ἐρρωμένως
1246 947 1365 992 τέλος
1407 947 1689 1002 ἐπικρατῆσαι
1733 948 1806 987 τοῦ

390 1025 523 1068 τόπου
558 1026 628 1068 καὶ
668 1028 751 1067 τῶν
793 1025 1062 1068 ὑπεναντίων.
1121 1026 1227 1080 μετὰ
1263 1025 1308 1067 δὲ
1342 1029 1477 1068 ταῦτα
1509 1027 1592 1066 τῶν
1627 1026 1806 1076 πεζικῶν

389 1104 689 1161 στρατοπέδων
723 1104 801 1156 ἤδη
838 1104 1041 1158 σύνεγγυς
1073 1105 1205 1146 ὄντων
1240 1104 1458 1157 ἀλλήλοις,
1493 1103 1596 1146 ἴδιον
1641 1104 1691 1156 ἣν
1736 1101 1807 1144 καὶ

391 1182 636 1237 θαυμαστὸν
668 1182 716 1224 τὸ
749 1185 989 1237 συμβαῖνον
1017 1184 1064 1224 οὐ
1093 1182 1220 1236 μόνον
1250 1187 1336 1228 τοῖς
1367 1183 1409 1224 ἐν
1440 1184 1552 1237 αὐτῷ
1585 1183 1643 1237 τῷ
1674 1182 1805 1236 καιρῷ

390 1260 485 1303 τότε
511 1265 733 1317 παροῦσιν,
763 1261 880 1302 ἀλλὰ
908 1261 977 1302 καὶ
1006 1265 1091 1306 τοῖς
1123 1262 1226 1303 ποτὲ
1260 1261 1365 1315 μετὰ
1398 1263 1533 1302 ταῦτα
1567 1258 1806 1313 δυναμένοις

392 1339 474 1382 ὑπὸ
496 1339 572 1392 τὴν
593 1340 698 1395 ὄψιν
718 1341 959 1394 λαμβάνειν
981 1341 1026 1382 ἐκ
1048 1343 1130 1382 τῶν
1150 1339 1388 1394 λεγομένων
1410 1338 1458 1381 τὸ
1479 1337 1661 1393 γεγονός.

1518 1419 1569 1461 (ii.
1590 1419 1661 1461 28.)

478 1494 646 1534 XXIII.
681 1495 861 1549 Πρῶτον
907 1494 982 1547 μὲν
1021 1493 1103 1549 γὰρ
1144 1494 1189 1535 ἐκ
1229 1495 1354 1548 τριῶν
1396 1491 1696 1548 στρατοπέδων
1736 1493 1808 1543 τῆς

389 1573 532 1627 μάχης
567 1571 884 1625 συνισταμένης,
923 1571 1052 1624 δῆλον
1089 1574 1141 1616 ὡς
1173 1571 1293 1624 ξένην
1334 1571 1404 1613 καὶ
1444 1568 1808 1626 παρηλλαγμένην

391 1649 499 1693 εἰκὸς
521 1649 590 1691 καὶ
613 1647 689 1701 τὴν
711 1650 959 1704 ἐπιφάνειαν
989 1651 1059 1692 καὶ
1090 1649 1166 1702 τὴν
1187 1649 1335 1705 χρείαν
1367 1648 1593 1705 φαίνεσθαι
1614 1651 1686 1689 τοῦ
1708 1664 1806 1688 συν-

392 1727 659 1782 τεταγμένου·
703 1727 892 1783 δεύτερον
922 1727 964 1769 δὲ
992 1731 1081 1773 πῶς
1112 1730 1187 1770 οὐκ
1217 1727 1268 1769 ἂν
1295 1727 1510 1784 ἀπορήσαι
1540 1744 1601 1771 τις
1632 1725 1703 1768 καὶ
1736 1728 1807 1767 νῦν

392 1805 462 1848 καὶ
489 1805 584 1848 τότε
610 1806 711 1862 παρ’
747 1806 874 1848 αὐτὸν
904 1806 960 1848 ὢν
988 1806 1061 1849 τὸν
1090 1806 1235 1862 καιρὸν
1266 1805 1442 1862 πότερον
1472 1805 1511 1847 οἱ
1542 1804 1697 1847 Κελτοὶ
1732 1801 1809 1855 τὴν

392 1885 770 1941 ἐπισφαλεστάτην
803 1883 919 1941 εἶχον
950 1885 1108 1941 χώραν,
1135 1886 1182 1938 ἐξ
1220 1885 1377 1940 ἀμφοῖν
1409 1888 1499 1926 τοῖν
1538 1886 1681 1939 μεροῖν
1722 1882 1810 1936 ἅμα

392 1966 475 2005 τῶν
496 1962 710 2017 πολεμίων
732 1962 978 2017 ἐπαγόντων
1009 1965 1162 2010 αὐτοῖς,
1195 1963 1221 2015 ἢ
1253 1962 1496 2005 τούναντίον
1522 1961 1598 2014 τὴν
1619 1962 1806 2003 ἐπιτευκ-

393 2042 642 2092 τικωτάτην,
674 2040 761 2095 ἅμα
790 2040 864 2093 μὲν
895 2041 1190 2095 ἀγωνιζόμενοι
1221 2040 1326 2097 πρὸς
1357 2040 1628 2097 ἀμφοτέρους,
1656 2038 1743 2092 ἅμα
1768 2037 1810 2079 δὲ

393 2119 468 2171 τὴν
497 2118 570 2175 ἀφ’
599 2118 805 2175 ἑκατέρων
834 2119 1076 2175 ἀσφάλειαν
1104 2120 1149 2161 ἐκ
1177 2121 1260 2161 τῶν
1289 2120 1467 2161 ὄπισθεν
1497 2119 1639 2162 αὑτοῖς
1671 2134 1807 2172 παρα-

394 2199 677 2248 σκευάζοντες,
707 2196 755 2239 τὸ
785 2196 828 2239 δὲ
854 2197 1067 2251 μέγιστον,
1097 2196 1450 2250 ἀποκεκλειμένης
1476 2198 1619 2248 πάσης
1646 2199 1720 2248 τῆς
1753 2195 1808 2239 εἰς

394 2276 621 2319 τοῦπισθεν
642 2275 953 2332 ἀναχωρήσεως
984 2276 1053 2317 καὶ
1084 2279 1158 2328 τῆς
1179 2276 1221 2317 ἐν
1243 2277 1301 2331 τῷ
1328 2274 1556 2318 λείπεσθαι
1583 2272 1806 2330 σωτηρίας·

394 2356 418 2407 ἡ
450 2354 532 2410 γὰρ
571 2357 644 2406 τῆς
671 2352 942 2409 ἀμφιστόμου
975 2354 1130 2406 τάξεως
1170 2352 1324 2405 ἰδιότης
1365 2353 1562 2405 τοιαύτην
1604 2352 1690 2409 ἔχει
1732 2349 1809 2403 τὴν

392 2431 553 2489 χρείαν.
615 2432 709 2477 τούς
741 2449 789 2486 γε
817 2429 900 2486 μὴν
921 2430 1148 2484 Ῥωμαίους
1179 2430 1232 2473 τὰ
1251 2431 1325 2485 μὲν
1360 2432 1577 2487 εὐθαρσεῖς
1601 2429 1730 2473 ἐποίει
1761 2427 1808 2470 τὸ

392 2510 544 2564 μέσους
577 2511 647 2552 καὶ
680 2510 888 2553 πάντοθεν
922 2509 1237 2565 περιειληφέναι
1270 2509 1364 2554 τοὺς
1398 2508 1637 2563 πολεμίους,
1674 2508 1728 2550 τὰ
1767 2507 1809 2549 δὲ

393 2590 527 2631 πάλιν
567 2587 587 2630 ὁ
626 2588 781 2643 κόσμος
821 2587 971 2633 αὐτοὺς
1007 2588 1076 2629 καὶ
1118 2587 1299 2643 θόρυβος
1342 2587 1572 2641 ἐξέπληττε
1611 2590 1685 2640 τῆς
1725 2588 1809 2629 τῶν
