1980 3290
405 258 495 309 242
562 258 974 311 MONUMENTA
1007 260 1354 321 HISTORIOA
1389 263 1655 313 CELTIOA

400 390 622 447 βάρβαροι
639 393 973 446 συνθεασάμενοι
988 392 1034 435 τὸ
1050 393 1219 447 γεγονὸς
1233 393 1307 438 τὰς
1319 393 1393 447 μὲν
1410 393 1546 450 ἀρχὰς
1560 393 1813 446 ἀπέστησαν

402 473 474 522 τῆς
505 470 724 523 ἐπιβολῆς,
756 470 861 523 μετὰ
884 471 926 513 δὲ
958 475 1093 513 ταῦτα
1115 472 1363 526 θεωροῦντες
1394 471 1441 513 τὸ
1471 474 1555 514 τῶν
1577 471 1812 526 ὑποζυγίων

401 548 567 599 πλῆθος
589 549 659 590 καὶ
682 549 777 593 τοὺς
799 549 941 593 ἱππεῖς
964 549 1180 606 δυσχερῶς
1202 549 1530 606 ἐκμηρυομένους
1551 550 1621 592 καὶ
1642 553 1812 606 μακρῶς

401 625 476 671 τὰς
498 625 752 683 δυσχωρίας,
776 628 1066 680 ἐξεκλήθησαν
1084 628 1166 670 ὑπὸ
1181 632 1254 670 τοῦ
1271 627 1582 682 συμβαίνοντος
1603 628 1810 683 ἐξάπτεσ-

401 703 470 746 θαι
492 708 566 757 τῆς
587 704 770 761 πορείας·
832 705 983 748 τούτου
1014 706 1056 748 δὲ
1086 706 1308 761 γενομένου
1329 706 1398 748 καὶ
1422 706 1531 748 κατὰ
1552 705 1687 749 πλείω
1707 706 1811 762 μέρη

398 782 734 839 προσπεσόντων
765 786 848 826 τῶν
880 784 1131 840 βαρβάρων,
1167 785 1250 841 οὐχ
1280 785 1410 829 οὕτως
1440 783 1522 826 ὑπὸ
1545 787 1628 827 τῶν
1649 785 1810 840 ἀνδρῶν

399 862 452 905 ὡς
474 860 556 902 ὑπὸ
578 864 662 903 τῶν
683 860 825 904 τόπων
846 862 983 907 πολὺς
1014 861 1171 916 ἐγίνετο
1202 861 1358 918 φθόρος
1380 865 1463 904 τῶν
1489 861 1807 918 Καρχηδονίων,

398 939 468 981 καὶ
494 939 691 993 μάλιστα
718 943 802 983 τῶν
828 941 971 983 ἵππων
996 941 1066 983 καὶ
1096 943 1179 983 τῶν
1206 940 1458 994 ὑποζυγίων·
1496 941 1624 993 οὔσης
1653 940 1734 997 γὰρ
1763 941 1810 983 ου’

394 1017 522 1070 μόνον
573 1022 722 1071 στενῆς
774 1020 844 1062 καὶ
898 1019 1098 1076 τραχείας
1152 1023 1225 1073 τῆς
1278 1021 1534 1074 προσβολῆς
1577 1019 1694 1061 ἀλλὰ,
1737 1020 1808 1062 καὶ

395 1097 674 1152 κρημνώδους,
716 1098 802 1140 ἀπὸ
848 1098 1009 1142 παντὸς
1050 1098 1276 1151 κινήματος
1312 1098 1382 1140 καὶ
1431 1098 1575 1150 πάσης
1615 1101 1808 1154 ταραχῆς

394 1174 561 1231 ἐφέρετο
594 1176 705 1218 κατὰ
730 1179 815 1219 τῶν
843 1179 1037 1232 κρημνῶν
1065 1175 1193 1230 ὁμόσε
1218 1180 1304 1221 τοῖς
1332 1175 1519 1232 φορτίοις
1545 1175 1694 1218 πολλὰ
1723 1178 1806 1218 τῶν

394 1253 644 1308 ὑποζυγίων.
703 1255 774 1298 καὶ
797 1257 993 1308 μάλιστα
1021 1255 1098 1308 τὴν
1123 1254 1321 1307 τοιαύτην
1350 1255 1543 1310 ταραχὴν
1571 1253 1742 1297 ἐποίουν
1768 1254 1807 1296 οἱ

393 1332 766 1387 τραυματιζόμενοι
806 1336 890 1376 τῶν
937 1334 1093 1376 ἵππων·
1150 1332 1310 1376 τούτων
1356 1333 1438 1388 γὰρ
1479 1333 1518 1375 οἱ
1556 1333 1630 1386 μὲν
1670 1331 1805 1375 ἀντίοι

391 1410 707 1464 συμπίπτοντες
739 1416 825 1457 τοῖς
866 1412 1118 1467 ὑποζυγίοις,
1161 1411 1288 1454 ὁπότε
1329 1411 1620 1464 διαπτοηθεῖεν
1655 1412 1700 1453 ἐκ
1732 1414 1805 1464 τῆς

389 1494 571 1544 πληγῆς,
601 1491 640 1532 οἱ
665 1490 708 1532 δὲ
736 1491 846 1533 κατὰ,
876 1491 952 1544 τὴν
980 1491 1035 1536 εἰς
1060 1491 1358 1547 τοῦμπροσθεν
1391 1489 1522 1546 ὁρμὴν
1554 1490 1804 1544 ἐξωθοῦντες

388 1571 475 1611 πᾶν
489 1568 536 1610 τὸ
550 1573 831 1625 παραπῖπτον
845 1570 887 1612 ἐν
901 1573 992 1614 ταῖς
1007 1568 1277 1626 δυσχωρίαις,
1291 1569 1484 1623 μεγάλην
1497 1568 1802 1623 ἀπειργάζοντο

386 1647 594 1703 ταραχήν.
653 1647 710 1692 εἰς
740 1648 766 1689 ἃ
796 1648 977 1699 βλέπων
1006 1648 1223 1699 Ἀννίβας,
1257 1647 1328 1689 καὶ
1359 1646 1713 1701 συλλογιζόμενος
1749 1648 1802 1692 ὡς

389 1725 483 1767 οὐδὲ
536 1730 623 1771 τοῖς
676 1726 931 1782 διαφυγοῦσι
982 1726 1055 1769 τὸν
1108 1726 1300 1769 κίνδυνον
1353 1726 1444 1769 ἔστι
1499 1724 1689 1782 σωτηρία
1728 1729 1802 1767 τοῦ
1841 1739 1846 1743 ‘

388 1805 648 1861 σκευοφόρου
680 1805 994 1861 διαφθαρέντος,
1017 1805 1251 1855 ἀναλαβὼν
1283 1804 1378 1850 τοὺς
1411 1803 1801 1861 προκατασχόντας

388 1883 463 1936 τὴν
495 1883 628 1926 νύκτα
663 1883 737 1928 τὰς
770 1884 1017 1939 ὑπερβολὰς
1048 1883 1217 1939 ὥρμησε
1247 1883 1598 1940 παραβοηθήσων
1630 1886 1717 1927 τοῖς
1750 1885 1800 1937 τῇ

387 1961 537 2019 πορείᾳ
550 1964 862 2017 προλαβοῦσιν.
924 1963 971 2004 οὗ
984 1962 1206 2015 γενομένου
1222 1962 1380 2004 πολλοὶ
1396 1962 1471 2014 μὲν
1485 1964 1569 2003 τῶν
1585 1959 1800 2014 πολεμίων

387 2040 647 2083 ἀπώλλυντο
679 2040 746 2082 διὰ
776 2040 823 2082 τὸ
854 2041 1069 2083 ποιεῖσθαι
1092 2040 1167 2093 τὴν
1188 2040 1339 2095 ἔφοδον
1370 2041 1416 2093 ἐξ
1446 2038 1697 2095 ὑπερδεξίων
1728 2039 1800 2081 τὸν

387 2119 604 2169 Ἀννίβαν,
638 2119 714 2162 οὐκ
744 2120 947 2164 ἐλάττους
979 2119 1021 2161 δὲ
1052 2119 1122 2161 καὶ
1153 2121 1237 2160 τῶν
1269 2117 1396 2160 ἰδίων·
1439 2117 1459 2160 ὁ
1490 2117 1571 2173 γὰρ
1593 2117 1703 2160 κατὰ
1724 2117 1799 2170 τὴν
