1980 3290
395 278 483 325 202
546 281 956 330 MONUMENTA
1001 285 1348 334 HISTORICA
1393 287 1657 335 CELTIOA

395 407 684 462 ἐπιγενομένης
717 412 952 457 συνιδόντες
985 414 1078 457 τοὺς
1111 414 1252 458 ἱππεῖς
1282 415 1431 459 αὐτοὺς
1461 416 1530 457 καὶ
1567 415 1809 469 νομίσαντες

397 485 489 529 τοὺς
513 488 700 532 Κελτοὺς
722 489 1061 545 ἀποδεδρακέναι,
1096 492 1204 533 κατὰ
1231 493 1421 545 σπουδὴν
1442 493 1701 545 ἠκολούθουν
1723 499 1810 540 τοῖς

399 564 600 606 ἱππεῦσιν
652 567 762 608 κατὰ
814 569 889 621 τὴν
941 569 1107 611 ἐκείνων
1161 571 1452 626 ἀποχώρησιν.
1513 571 1600 623 ἅμα
1659 571 1702 614 δὲ
1752 577 1810 627 τῷ

400 644 656 697 συνεγγίζειν
691 650 776 690 τοῖς
809 647 1025 701 πολεμίοις
1059 648 1376 691 διαναστάντων
1409 652 1491 690 τῶν
1534 653 1707 692 Κελτῶν
1741 651 1810 693 καὶ

401 722 706 775 συμπεσόντων
734 727 872 769 αὐτοῖς
902 727 950 778 ἦν
979 726 1091 780 ἀγὼν
1120 726 1194 770 τὰς
1221 727 1357 782 ἀρχὰς
1390 728 1436 780 ἐξ
1465 728 1621 783 ἀμφοῖν
1655 728 1809 779 βίαιος.

401 799 521 844 τέλος
554 801 597 842 δὲ
633 804 1008 860 καθυπερεχόντων
1044 808 1126 846 τῶν
1166 808 1341 847 Κελτῶν
1383 809 1433 860 τῇ
1471 805 1608 860 τόλμῃ
1649 807 1719 848 καὶ
1755 810 1812 861 τῷ

400 879 556 931 πλήθει
578 881 739 932 συνέβη
762 882 1045 938 διαφθαρῆναι
1065 884 1138 937 μὲν
1161 887 1242 925 τῶν
1273 884 1489 938 Ῥωμαίων
1518 886 1592 926 οὐκ
1614 885 1814 928 ἐλάττους

402 959 718 1014 ἑξακισχιλίων,
749 960 843 1005 τοὺς
871 961 913 1001 δὲ
939 962 1113 1006 λοιποὺς
1142 962 1321 1017 φεύγειν·
1357 963 1412 1004 ὧν
1445 963 1484 1004 οἱ
1511 962 1684 1007 πλείους
1710 961 1814 1018 πρός

401 1055 496 1079 τινα
536 1037 666 1079 τόπον
707 1040 881 1094 ἐρυμνὸν
922 1040 1282 1096 ἀποχωρήσαντες
1324 1040 1477 1093 ἔμενον.
1557 1042 1625 1086 οὓς
1653 1040 1701 1082 τὸ
1741 1040 1814 1094 μὲν

402 1119 569 1170 πρῶτον
597 1118 636 1158 οἱ
663 1119 819 1160 Κελτοὶ
847 1124 1087 1174 πολιορκεῖν
1118 1120 1397 1170 ἐπεβάλοντο·
1441 1123 1578 1165 κακῶς
1606 1119 1639 1160 δ’
1672 1120 1812 1160 ἀπαλ-

401 1196 628 1240 λιὶττοντες
663 1197 708 1237 ἐκ
743 1201 816 1249 τῆς
847 1197 1201 1252 προγεγενημένης
1234 1198 1276 1238 ἐν
1309 1201 1359 1252 τῇ
1392 1199 1509 1240 νυκτὶ
1543 1197 1712 1254 πορείας
1744 1197 1815 1238 καὶ

404 1274 690 1320 κακοπαθείας
712 1276 781 1317 καὶ
803 1274 1094 1330 ταλαιπωρίας
1116 1275 1317 1331 ὥρμησαν
1343 1277 1448 1332 πρὸς
1476 1278 1717 1318 ἀνάπαυσιν
1746 1274 1816 1316 καὶ

405 1352 642 1407 θεραπείαν,
668 1353 864 1409 φυλακὴν
887 1353 1170 1397 ἀπολιπόντες
1192 1357 1273 1395 τῶν
1301 1354 1415 1396 ἰδίων
1440 1354 1604 1396 ἱππέων
1625 1354 1721 1409 περὶ
1744 1353 1817 1395 τὸν

403 1430 551 1486 λόφον,
593 1432 795 1488 πρόθεσιν
836 1433 1003 1488 ἔχοντες
1054 1432 1161 1474 κατὰ
1209 1432 1283 1484 τὴν
1327 1433 1532 1474 ἐπιοῦσαν
1577 1435 1818 1488 πολιορκεῖν

405 1510 499 1555 τοὺς
521 1510 884 1566 συμπεφευγότας,
908 1510 978 1552 ἐὰν
999 1511 1056 1564 μὴ
1082 1511 1330 1566 παραδῶσιν
1352 1511 1522 1556 ἑαυτοὺς
1543 1509 1754 1554 ἑκουσίως·

1527 1582 1578 1621 (ii.
1600 1580 1671 1622 25.)

493 1676 588 1715 XX.
623 1672 745 1715 Κατὰ
777 1672 819 1713 δὲ
861 1672 932 1714 τὸν
974 1672 1120 1726 καιρὸν
1167 1674 1314 1712 τοῦτον
1348 1671 1521 1715 Λεύκιος
1561 1667 1755 1721 Αἰμίλιος
1797 1667 1817 1709 ό

405 1753 723 1809 προκαθήμενος
763 1751 833 1792 ἐπὶ
867 1753 948 1792 τῶν
982 1750 1090 1791 κατὰ
1123 1750 1195 1791 τὸν
1227 1748 1400 1804 Ἀδρίαν
1435 1747 1589 1795 τόπων,
1633 1746 1818 1790 ἀκούσας

407 1832 501 1876 τοὺς
535 1831 721 1874 Κελτοὺς
757 1829 824 1870 διὰ
859 1827 1092 1884 Τυρρηνίας
1125 1826 1452 1881 ἐμβεβληκότας
1480 1824 1736 1879 συνεγγίζειν
1767 1827 1818 1878 τῇ

408 1912 556 1965 Ῥώμῃ,
582 1912 723 1964 παρῆν
743 1908 916 1959 βοηθῶν
939 1907 1008 1948 καὶ
1031 1906 1139 1948 κατὰ
1162 1904 1353 1957 σπουδὴν
1384 1906 1568 1959 εὐτυχῶς
1596 1903 1650 1948 εἰς
1673 1902 1820 1944 δέοντα

408 1989 565 2045 καιρόν.
651 1984 1205 2040 καταστρατοπεδεύσαντος
1247 1983 1280 2024 δ’
1324 1984 1454 2024 αὐτοῦ
1495 1982 1698 2035 σύνεγγυς
1737 1982 1820 2022 τῶν

407 2067 635 2121 πολεμίων,
660 2063 896 2108 κατιδόντες
928 2062 980 2104 τὰ
1008 2062 1123 2118 πυρὰ
1163 2063 1232 2104 καὶ
1261 2062 1486 2114 νοήσαντες
1516 2059 1563 2101 τὸ
1591 2057 1758 2113 γεγονὸς
1783 2057 1822 2099 οἱ

409 2144 750 2200 συμπεφευγότες
805 2143 873 2184 ἐπὶ
921 2141 992 2182 τὸν
1041 2140 1188 2195 λόφον,
1240 2139 1403 2195 ταχέως
1453 2136 1821 2193 ἀναθαρρήσαντες

409 2224 715 2278 ἐξαπέστειλαν
737 2223 875 2262 αὑτῶν
896 2237 1010 2263 τινας
1032 2222 1104 2270 τῆς
1126 2218 1273 2262 νυκτὸς
1301 2217 1512 2260 ἀνόπλους
1535 2215 1601 2257 διὰ
1623 2218 1695 2267 τῆς
1717 2215 1821 2265 ὕλης

409 2304 748 2356 ἀναγγελοῦντας
769 2301 828 2355 τῷ
851 2299 1079 2354 στρατηγῷ
1111 2297 1158 2338 τὸ
1190 2294 1480 2349 συμβεβηκός.
1542 2292 1561 2335 ὁ
1593 2292 1635 2334 δὲ
1657 2291 1818 2334 διακού-

409 2399 499 2427 σας,
525 2380 593 2421 καὶ
619 2380 781 2434 θεωρῶν
803 2377 894 2419 οὐδὲ
917 2374 1163 2426 διαβούλιον
1193 2375 1307 2429 αὑτῷ
1336 2370 1694 2423 καταλειπόμενον
1717 2368 1820 2424 ὑπὲρ

409 2463 492 2501 τῶν
514 2458 763 2504 ἐνεστώτων,
791 2459 875 2500 τοῖς
895 2455 969 2508 μὲν
993 2453 1237 2508 χιλιάρχοις
1259 2452 1347 2505 ἅμα
1363 2452 1420 2506 τῷ
1439 2449 1546 2505 φωτὶ
1560 2447 1821 2503 παρήγγειλε

409 2538 504 2582 τοὺς
525 2536 672 2588 πεζοὺς
689 2536 862 2589 ἐξάγειν,
879 2532 1002 2576 αὐτὸς
1017 2531 1059 2572 δὲ
1076 2530 1171 2575 τοὺς
1185 2530 1328 2574 ἱππεῖς
1349 2527 1583 2579 ἀναλαβὼν
1597 2525 1820 2579 καθηγεῖτο
