<?xml version="1.0" encoding="UTF-8"?>
<!DOCTYPE html PUBLIC "-//W3C//DTD XHTML 1.0 Transitional//EN"
    "http://www.w3.org/TR/xhtml1/DTD/xhtml1-transitional.dtd">
<html xmlns="http://www.w3.org/1999/xhtml" xml:lang="en" lang="en">
 <head>
  <title>
</title>
<meta http-equiv="Content-Type" content="text/html;charset=utf-8" />
  <meta name='ocr-system' content='tesseract 3.04.00' />
  <meta name='ocr-capabilities' content='ocr_page ocr_carea ocr_par ocr_line ocrx_word'/>
</head>
<body>
  <div class='ocr_page' id='page_1' title='image "./monumentahistori00dina/monumentahistori00dina_0298.png"; bbox 0 0 1980 3290; ppageno 0'>
   <div class='ocr_carea' id='block_1_1' title="bbox 420 295 1682 347">
    <p class='ocr_par' dir='ltr' id='par_1_1' title="bbox 420 295 1682 347">
     <span class='ocr_line' id='line_1_1' title="bbox 420 295 1682 347; baseline 0.002 -6"><span class='ocrx_word' id='word_1_1' title='bbox 420 295 507 342; x_wconf 79' lang='lat'>282</span> <span class='ocrx_word' id='word_1_2' title='bbox 569 296 981 344; x_wconf 83' lang='lat' dir='ltr'><strong>MONUMENTA</strong></span> <span class='ocrx_word' id='word_1_3' title='bbox 1023 299 1372 347; x_wconf 78' lang='lat' dir='ltr'>HISTORIOA</span> <span class='ocrx_word' id='word_1_4' title='bbox 1416 298 1682 346; x_wconf 81' lang='lat' dir='ltr'>CELTICA</span> 
     </span>
    </p>
   </div>
   <div class='ocr_carea' id='block_1_2' title="bbox 418 428 1835 1261">
    <p class='ocr_par' dir='ltr' id='par_1_2' title="bbox 418 428 1835 1261">
     <span class='ocr_line' id='line_1_2' title="bbox 510 428 1835 487; baseline 0.005 -20"><span class='ocrx_word' id='word_1_5' title='bbox 510 428 684 469; x_wconf 84' lang='lat' dir='ltr'>LXXV.</span> <span class='ocrx_word' id='word_1_6' title='bbox 720 428 793 473; x_wconf 80' lang='grc' dir='ltr'>Ὡς</span> <span class='ocrx_word' id='word_1_7' title='bbox 836 429 919 485; x_wconf 63' lang='grc' dir='ltr'>«γὰρ</span> <span class='ocrx_word' id='word_1_8' title='bbox 959 430 1149 473; x_wconf 84' lang='grc' dir='ltr'>καθόλου</span> <span class='ocrx_word' id='word_1_9' title='bbox 1192 430 1571 487; x_wconf 84' lang='grc' dir='ltr'>δυσαρεστούμενοι</span> <span class='ocrx_word' id='word_1_10' title='bbox 1613 435 1703 476; x_wconf 86' lang='grc' dir='ltr'>ταῖς</span> <span class='ocrx_word' id='word_1_11' title='bbox 1753 435 1835 474; x_wconf 84' lang='grc' dir='ltr'>τῶν</span> 
     </span>
     <span class='ocr_line' id='line_1_3' title="bbox 418 504 1834 561; baseline 0.004 -17"><span class='ocrx_word' id='word_1_12' title='bbox 418 504 640 553; x_wconf 83' lang='grc' dir='ltr'>βασιλέων</span> <span class='ocrx_word' id='word_1_13' title='bbox 671 506 921 560; x_wconf 82' lang='grc' dir='ltr'>ἐπιδημίαις,</span> <span class='ocrx_word' id='word_1_14' title='bbox 957 507 1091 561; x_wconf 64' lang='grc' dir='ltr'>δόνγμα</span> <span class='ocrx_word' id='word_1_15' title='bbox 1124 527 1164 550; x_wconf 94' lang='grc' dir='ltr'>τι</span> <span class='ocrx_word' id='word_1_16' title='bbox 1200 513 1388 550; x_wconf 89' lang='grc' dir='ltr'>τοιοῦτον</span> <span class='ocrx_word' id='word_1_17' title='bbox 1423 507 1641 561; x_wconf 76' lang='grc' dir='ltr'>ἐξέβαλον,</span> <span class='ocrx_word' id='word_1_18' title='bbox 1677 508 1834 561; x_wconf 83' lang='grc' dir='ltr'>μηδένα</span> 
     </span>
     <span class='ocr_line' id='line_1_4' title="bbox 419 581 1833 640; baseline 0.004 -19"><span class='ocrx_word' id='word_1_19' title='bbox 419 581 612 630; x_wconf 86' lang='grc' dir='ltr'>βασιλέα</span> <span class='ocrx_word' id='word_1_20' title='bbox 643 583 956 637; x_wconf 64' lang='grc' dir='ltr'>παραγίνεσθαι</span> <span class='ocrx_word' id='word_1_21' title='bbox 985 585 1091 640; x_wconf 83' lang='grc' dir='ltr'>πρὸς</span> <span class='ocrx_word' id='word_1_22' title='bbox 1123 585 1285 630; x_wconf 77' lang='grc' dir='ltr'>αὐτούς.</span> <span class='ocrx_word' id='word_1_23' title='bbox 1321 618 1328 626; x_wconf 92' lang='grc'>.</span> <span class='ocrx_word' id='word_1_24' title='bbox 1363 618 1370 626; x_wconf 94' lang='grc'>.</span> <span class='ocrx_word' id='word_1_25' title='bbox 1406 617 1413 626; x_wconf 93' lang='grc'><strong>.</strong></span> <span class='ocrx_word' id='word_1_26' title='bbox 1446 585 1516 626; x_wconf 87' lang='grc' dir='ltr'>καὶ</span> <span class='ocrx_word' id='word_1_27' title='bbox 1548 583 1596 636; x_wconf 80' lang='grc' dir='ltr'>δὴ</span> <span class='ocrx_word' id='word_1_28' title='bbox 1619 584 1753 639; x_wconf 85' lang='grc' dir='ltr'>τούτῳ</span> <span class='ocrx_word' id='word_1_29' title='bbox 1776 590 1833 640; x_wconf 81' lang='grc' dir='ltr'>τῷ</span> 
     </span>
     <span class='ocr_line' id='line_1_5' title="bbox 422 657 1834 715; baseline 0.004 -17"><span class='ocrx_word' id='word_1_30' title='bbox 422 657 565 712; x_wconf 82' lang='grc' dir='ltr'>τρόπῳ</span> <span class='ocrx_word' id='word_1_31' title='bbox 603 659 764 712; x_wconf 78' lang='grc' dir='ltr'>συνέβη</span> <span class='ocrx_word' id='word_1_32' title='bbox 801 661 872 703; x_wconf 87' lang='grc' dir='ltr'>τὸν</span> <span class='ocrx_word' id='word_1_33' title='bbox 904 662 1067 715; x_wconf 75' lang='grc' dir='ltr'>Εὐμένη</span> <span class='ocrx_word' id='word_1_34' title='bbox 1101 664 1344 715; x_wconf 79' lang='grc' dir='ltr'>κωλυθῆναι</span> <span class='ocrx_word' id='word_1_35' title='bbox 1376 667 1448 715; x_wconf 87' lang='grc' dir='ltr'>τῆς</span> <span class='ocrx_word' id='word_1_36' title='bbox 1478 662 1534 706; x_wconf 83' lang='grc' dir='ltr'>εἷς</span> <span class='ocrx_word' id='word_1_37' title='bbox 1562 661 1636 714; x_wconf 76' lang='grc' dir='ltr'>την</span> <span class='ocrx_word' id='word_1_38' title='bbox 1671 662 1834 715; x_wconf 82' lang='grc' dir='ltr'>Ῥώμην</span> 
     </span>
     <span class='ocr_line' id='line_1_6' title="bbox 422 736 1834 795; baseline 0.004 -20"><span class='ocrx_word' id='word_1_39' title='bbox 422 736 687 786; x_wconf 75' lang='grc' dir='ltr'>ἀναβάσεως.</span> <span class='ocrx_word' id='word_1_40' title='bbox 748 740 1106 792; x_wconf 85' lang='grc' dir='ltr'>συνηκολουθήκει</span> <span class='ocrx_word' id='word_1_41' title='bbox 1138 740 1179 781; x_wconf 81' lang='grc' dir='ltr'>δὲ</span> <span class='ocrx_word' id='word_1_42' title='bbox 1211 741 1279 782; x_wconf 87' lang='grc' dir='ltr'>καὶ</span> <span class='ocrx_word' id='word_1_43' title='bbox 1311 739 1451 795; x_wconf 85' lang='grc' dir='ltr'>ἕτερόν</span> <span class='ocrx_word' id='word_1_44' title='bbox 1476 757 1515 781; x_wconf 89' lang='grc' dir='ltr'>τι</span> <span class='ocrx_word' id='word_1_45' title='bbox 1537 739 1834 794; x_wconf 69' lang='grc' dir='ltr'>πραγματικὸν</span> 
     </span>
     <span class='ocr_line' id='line_1_7' title="bbox 422 813 1833 872; baseline 0.005 -19"><span class='ocrx_word' id='word_1_46' title='bbox 422 813 556 867; x_wconf 81' lang='grc' dir='ltr'>τούτῳ</span> <span class='ocrx_word' id='word_1_47' title='bbox 598 818 655 869; x_wconf 81' lang='grc' dir='ltr'>τῷ</span> <span class='ocrx_word' id='word_1_48' title='bbox 696 815 944 870; x_wconf 79' lang='grc' dir='ltr'>διαβουλίῳ.</span> <span class='ocrx_word' id='word_1_49' title='bbox 1022 819 1211 870; x_wconf 64' lang='grc' dir='ltr'>μεγάλου</span> <span class='ocrx_word' id='word_1_50' title='bbox 1250 817 1332 872; x_wconf 76' lang='grc' dir='ltr'>Ύὰρ</span> <span class='ocrx_word' id='word_1_51' title='bbox 1373 816 1454 859; x_wconf 84' lang='grc' dir='ltr'>ὑπὸ</span> <span class='ocrx_word' id='word_1_52' title='bbox 1504 820 1587 858; x_wconf 85' lang='grc' dir='ltr'>τῶν</span> <span class='ocrx_word' id='word_1_53' title='bbox 1626 818 1833 860; x_wconf 85' lang='grc' dir='ltr'>Γαλατῶν</span> 
     </span>
     <span class='ocr_line' id='line_1_8' title="bbox 422 891 1833 952; baseline 0.003 -21"><span class='ocrx_word' id='word_1_54' title='bbox 422 891 754 946; x_wconf 77' lang='grc' dir='ltr'>ἐπικρεμαμένου</span> <span class='ocrx_word' id='word_1_55' title='bbox 789 893 982 936; x_wconf 79' lang='grc' dir='ltr'>κινδύνου</span> <span class='ocrx_word' id='word_1_56' title='bbox 1015 899 1064 949; x_wconf 82' lang='grc' dir='ltr'>τῇ</span> <span class='ocrx_word' id='word_1_57' title='bbox 1096 894 1316 952; x_wconf 71' lang='grc' dir='ltr'>βασιλείᾳ,</span> <span class='ocrx_word' id='word_1_58' title='bbox 1351 895 1563 950; x_wconf 85' lang='grc' dir='ltr'>προφανὲς</span> <span class='ocrx_word' id='word_1_59' title='bbox 1588 895 1638 947; x_wconf 79' lang='grc' dir='ltr'>ἣν</span> <span class='ocrx_word' id='word_1_60' title='bbox 1668 894 1732 935; x_wconf 85' lang='grc' dir='ltr'>ὅτι</span> <span class='ocrx_word' id='word_1_61' title='bbox 1766 894 1833 936; x_wconf 80' lang='grc' dir='ltr'>διὰ</span> 
     </span>
     <span class='ocr_line' id='line_1_9' title="bbox 421 968 1833 1027; baseline 0.004 -18"><span class='ocrx_word' id='word_1_62' title='bbox 421 968 493 1010; x_wconf 84' lang='grc' dir='ltr'>τὸν</span> <span class='ocrx_word' id='word_1_63' title='bbox 533 970 837 1023; x_wconf 83' lang='grc' dir='ltr'>σκυβαλισμὸν</span> <span class='ocrx_word' id='word_1_64' title='bbox 877 976 1023 1014; x_wconf 89' lang='grc' dir='ltr'>τοῦτον</span> <span class='ocrx_word' id='word_1_65' title='bbox 1063 973 1101 1014; x_wconf 77' lang='grc' dir='ltr'>οἱ</span> <span class='ocrx_word' id='word_1_66' title='bbox 1139 973 1214 1025; x_wconf 82' lang='grc' dir='ltr'>μὲν</span> <span class='ocrx_word' id='word_1_67' title='bbox 1254 977 1326 1014; x_wconf 91' lang='grc' dir='ltr'>τοῦ</span> <span class='ocrx_word' id='word_1_68' title='bbox 1358 972 1575 1023; x_wconf 89' lang='grc' dir='ltr'>βασιλέως</span> <span class='ocrx_word' id='word_1_69' title='bbox 1614 971 1833 1027; x_wconf 81' lang='grc' dir='ltr'>σύμμαχοι</span> 
     </span>
     <span class='ocr_line' id='line_1_10' title="bbox 420 1047 1831 1105; baseline 0.004 -19"><span class='ocrx_word' id='word_1_70' title='bbox 420 1047 811 1099; x_wconf 83' lang='grc' dir='ltr'>ταπεινωθήσονται</span> <span class='ocrx_word' id='word_1_71' title='bbox 832 1051 999 1097; x_wconf 85' lang='grc' dir='ltr'>πάντες,</span> <span class='ocrx_word' id='word_1_72' title='bbox 1024 1051 1062 1092; x_wconf 82' lang='grc' dir='ltr'>οἶ</span> <span class='ocrx_word' id='word_1_73' title='bbox 1083 1051 1124 1091; x_wconf 84' lang='grc' dir='ltr'>δὲ</span> <span class='ocrx_word' id='word_1_74' title='bbox 1146 1052 1339 1092; x_wconf 86' lang='grc' dir='ltr'>Γαλάται</span> <span class='ocrx_word' id='word_1_75' title='bbox 1362 1049 1600 1094; x_wconf 74' lang='grc' dir='ltr'>διπλασίως</span> <span class='ocrx_word' id='word_1_76' title='bbox 1627 1051 1831 1105; x_wconf 83' lang='grc' dir='ltr'>ἐπιρρωσ-</span> 
     </span>
     <span class='ocr_line' id='line_1_11' title="bbox 424 1123 1835 1182; baseline 0.004 -18"><span class='ocrx_word' id='word_1_77' title='bbox 424 1123 627 1175; x_wconf 82' lang='grc' dir='ltr'>θήσονται</span> <span class='ocrx_word' id='word_1_78' title='bbox 649 1124 753 1179; x_wconf 81' lang='grc' dir='ltr'>πρὸς</span> <span class='ocrx_word' id='word_1_79' title='bbox 775 1125 847 1168; x_wconf 82' lang='grc' dir='ltr'>τὸν</span> <span class='ocrx_word' id='word_1_80' title='bbox 867 1126 1067 1180; x_wconf 86' lang='grc' dir='ltr'>πόλεμον.</span> <span class='ocrx_word' id='word_1_81' title='bbox 1130 1127 1191 1169; x_wconf 78' lang='grc' dir='ltr'>διὸ</span> <span class='ocrx_word' id='word_1_82' title='bbox 1222 1128 1363 1182; x_wconf 84' lang='grc' dir='ltr'>πάντῃ</span> <span class='ocrx_word' id='word_1_83' title='bbox 1390 1129 1559 1172; x_wconf 81' lang='grc' dir='ltr'>πάντως</span> <span class='ocrx_word' id='word_1_84' title='bbox 1578 1126 1835 1181; x_wconf 89' lang='grc' dir='ltr'>βουλόμενοι</span> 
     </span>
     <span class='ocr_line' id='line_1_12' title="bbox 421 1203 1708 1261; baseline 0.002 -19"><span class='ocrx_word' id='word_1_85' title='bbox 421 1206 644 1244; x_wconf 83' lang='grc' dir='ltr'>ταπεινοῦν</span> <span class='ocrx_word' id='word_1_86' title='bbox 665 1203 793 1245; x_wconf 77' lang='grc' dir='ltr'>αὐτὸν</span> <span class='ocrx_word' id='word_1_87' title='bbox 815 1205 883 1246; x_wconf 85' lang='grc' dir='ltr'>ἐπὶ</span> <span class='ocrx_word' id='word_1_88' title='bbox 906 1204 1063 1256; x_wconf 81' lang='grc' dir='ltr'>ταύτην</span> <span class='ocrx_word' id='word_1_89' title='bbox 1085 1205 1410 1261; x_wconf 79' lang='grc' dir='ltr'>κατηνέχθησαν</span> <span class='ocrx_word' id='word_1_90' title='bbox 1433 1205 1508 1257; x_wconf 81' lang='grc' dir='ltr'>τὴν</span> <span class='ocrx_word' id='word_1_91' title='bbox 1529 1205 1708 1258; x_wconf 75' lang='grc' dir='ltr'>Ὑνώμην.</span> 
     </span>
    </p>
   </div>
   <div class='ocr_carea' id='block_1_3' title="bbox 1594 1296 1781 1337">
    <p class='ocr_par' dir='ltr' id='par_1_3' title="bbox 1594 1296 1781 1337">
     <span class='ocr_line' id='line_1_13' title="bbox 1594 1296 1781 1337; baseline -0.005 -5"><span class='ocrx_word' id='word_1_92' title='bbox 1594 1297 1690 1337; x_wconf 76' lang='lat' dir='ltr'>(xxx.</span> <span class='ocrx_word' id='word_1_93' title='bbox 1711 1296 1781 1337; x_wconf 70' lang='grc'>20.)</span> 
     </span>
    </p>
   </div>
   <div class='ocr_carea' id='block_1_4' title="bbox 420 1386 1833 1598">
    <p class='ocr_par' dir='ltr' id='par_1_4' title="bbox 420 1386 1833 1598">
     <span class='ocr_line' id='line_1_14' title="bbox 509 1386 1833 1444; baseline 0.002 -18"><span class='ocrx_word' id='word_1_94' title='bbox 509 1387 706 1428; x_wconf 77' lang='lat' dir='ltr'>LXXVI.</span> <span class='ocrx_word' id='word_1_95' title='bbox 731 1386 836 1429; x_wconf 62' lang='lat' dir='ltr'>“On</span> <span class='ocrx_word' id='word_1_96' title='bbox 868 1393 954 1433; x_wconf 86' lang='grc' dir='ltr'>τοῖς</span> <span class='ocrx_word' id='word_1_97' title='bbox 986 1389 1103 1444; x_wconf 76' lang='grc' dir='ltr'>παρὰ</span> <span class='ocrx_word' id='word_1_98' title='bbox 1136 1393 1219 1431; x_wconf 85' lang='grc' dir='ltr'>τῶν</span> <span class='ocrx_word' id='word_1_99' title='bbox 1251 1391 1296 1430; x_wconf 84' lang='grc' dir='ltr'>ἐκ</span> <span class='ocrx_word' id='word_1_100' title='bbox 1332 1394 1404 1441; x_wconf 81' lang='grc' dir='ltr'>τῆς</span> <span class='ocrx_word' id='word_1_101' title='bbox 1440 1388 1591 1433; x_wconf 86' lang='grc' dir='ltr'>Ἀσίας</span> <span class='ocrx_word' id='word_1_102' title='bbox 1628 1391 1833 1429; x_wconf 84' lang='grc' dir='ltr'>Γαλατῶν</span> 
     </span>
     <span class='ocr_line' id='line_1_15' title="bbox 420 1465 1833 1521; baseline 0.004 -18"><span class='ocrx_word' id='word_1_103' title='bbox 420 1465 704 1517; x_wconf 73' lang='grc' dir='ltr'>πρεσβευταῖς</span> <span class='ocrx_word' id='word_1_104' title='bbox 735 1466 1040 1521; x_wconf 88' lang='grc' dir='ltr'>συνεχώρησαν</span> <span class='ocrx_word' id='word_1_105' title='bbox 1071 1467 1147 1518; x_wconf 81' lang='grc' dir='ltr'>τὴν</span> <span class='ocrx_word' id='word_1_106' title='bbox 1178 1466 1430 1520; x_wconf 76' lang='grc' dir='ltr'>αὐτονομίαν</span> <span class='ocrx_word' id='word_1_107' title='bbox 1456 1466 1652 1519; x_wconf 89' lang='grc' dir='ltr'>μένουσιν</span> <span class='ocrx_word' id='word_1_108' title='bbox 1673 1466 1715 1506; x_wconf 83' lang='grc' dir='ltr'>ἐν</span> <span class='ocrx_word' id='word_1_109' title='bbox 1743 1468 1833 1509; x_wconf 84' lang='grc' dir='ltr'>ταῖς</span> 
     </span>
     <span class='ocr_line' id='line_1_16' title="bbox 421 1540 1833 1598; baseline -0.001 -15"><span class='ocrx_word' id='word_1_110' title='bbox 421 1540 543 1586; x_wconf 78' lang='grc' dir='ltr'>ἰδίαις</span> <span class='ocrx_word' id='word_1_111' title='bbox 583 1542 814 1587; x_wconf 83' lang='grc' dir='ltr'>κατοικίαις</span> <span class='ocrx_word' id='word_1_112' title='bbox 855 1543 925 1585; x_wconf 87' lang='grc' dir='ltr'>καὶ</span> <span class='ocrx_word' id='word_1_113' title='bbox 963 1543 1021 1596; x_wconf 77' lang='grc' dir='ltr'>μὴ</span> <span class='ocrx_word' id='word_1_114' title='bbox 1062 1543 1406 1598; x_wconf 82' lang='grc' dir='ltr'>στρατευομένοις</span> <span class='ocrx_word' id='word_1_115' title='bbox 1447 1542 1564 1587; x_wconf 80' lang='grc' dir='ltr'>ἐκτὸς</span> <span class='ocrx_word' id='word_1_116' title='bbox 1605 1546 1687 1584; x_wconf 85' lang='grc' dir='ltr'>τῶν</span> <span class='ocrx_word' id='word_1_117' title='bbox 1719 1541 1833 1583; x_wconf 82' lang='grc' dir='ltr'>ἰδίων</span> 
     </span>
    </p>
   </div>
   <div class='ocr_carea' id='block_1_5' title="bbox 420 1619 538 1674">
    <p class='ocr_par' dir='ltr' id='par_1_5' title="bbox 420 1619 538 1674">
     <span class='ocr_line' id='line_1_17' title="bbox 420 1619 538 1674; baseline -0.008 -14"><span class='ocrx_word' id='word_1_118' title='bbox 420 1619 538 1674; x_wconf 86' lang='grc' dir='ltr'>ὅρων.</span> 
     </span>
    </p>
   </div>
   <div class='ocr_carea' id='block_1_6' title="bbox 1604 1677 1782 1719">
    <p class='ocr_par' dir='ltr' id='par_1_6' title="bbox 1604 1677 1782 1719">
     <span class='ocr_line' id='line_1_18' title="bbox 1604 1677 1782 1719; baseline -0.006 -6"><span class='ocrx_word' id='word_1_119' title='bbox 1604 1678 1715 1719; x_wconf 73' lang='lat' dir='ltr'>(xxxi.</span> <span class='ocrx_word' id='word_1_120' title='bbox 1736 1677 1782 1718; x_wconf 75' lang='grc'>2.)</span> 
     </span>
    </p>
   </div>
   <div class='ocr_carea' id='block_1_7' title="bbox 419 1771 1834 2605">
    <p class='ocr_par' dir='ltr' id='par_1_7' title="bbox 419 1771 1834 2605">
     <span class='ocr_line' id='line_1_19' title="bbox 508 1771 1833 1824; baseline 0.001 -12"><span class='ocrx_word' id='word_1_121' title='bbox 508 1773 730 1813; x_wconf 84' lang='lat' dir='ltr'>LXXVII.</span> <span class='ocrx_word' id='word_1_122' title='bbox 765 1771 814 1814; x_wconf 74' lang='lat' dir='ltr'>‘O</span> <span class='ocrx_word' id='word_1_123' title='bbox 850 1773 881 1814; x_wconf 82' lang='grc' dir='ltr'>δ’</span> <span class='ocrx_word' id='word_1_124' title='bbox 912 1774 1037 1818; x_wconf 85' lang='grc' dir='ltr'>αὐτὸς</span> <span class='ocrx_word' id='word_1_125' title='bbox 1065 1775 1184 1819; x_wconf 83' lang='grc' dir='ltr'>οὗτος</span> <span class='ocrx_word' id='word_1_126' title='bbox 1210 1774 1421 1824; x_wconf 78' lang='grc' dir='ltr'>βασιλεὺς</span> <span class='ocrx_word' id='word_1_127' title='bbox 1452 1773 1638 1817; x_wconf 79' lang='grc' dir='ltr'>ἀκούσας</span> <span class='ocrx_word' id='word_1_128' title='bbox 1666 1771 1761 1816; x_wconf 73' lang='grc' dir='ltr'>τοὺς</span> <span class='ocrx_word' id='word_1_129' title='bbox 1792 1773 1833 1813; x_wconf 86' lang='grc' dir='ltr'>ἐν</span> 
     </span>
     <span class='ocr_line' id='line_1_20' title="bbox 420 1848 1834 1908; baseline 0 -19"><span class='ocrx_word' id='word_1_130' title='bbox 420 1852 470 1903; x_wconf 85' lang='grc' dir='ltr'>τῇ</span> <span class='ocrx_word' id='word_1_131' title='bbox 525 1849 772 1908; x_wconf 59' lang='lat' dir='ltr'>Marcegom‘gz</span> <span class='ocrx_word' id='word_1_132' title='bbox 829 1852 1231 1905; x_wconf 81' lang='grc' dir='ltr'>συντετελεσμένους</span> <span class='ocrx_word' id='word_1_133' title='bbox 1283 1853 1448 1905; x_wconf 60' lang='grc' dir='ltr'>ἀγῶνας</span> <span class='ocrx_word' id='word_1_134' title='bbox 1501 1850 1582 1892; x_wconf 82' lang='grc' dir='ltr'>ὑπὸ</span> <span class='ocrx_word' id='word_1_135' title='bbox 1634 1848 1834 1903; x_wconf 86' lang='grc' dir='ltr'>Αἰμιλίου</span> 
     </span>
     <span class='ocr_line' id='line_1_21' title="bbox 420 1925 1834 1985; baseline 0 -18"><span class='ocrx_word' id='word_1_136' title='bbox 420 1926 599 1968; x_wconf 88' lang='grc' dir='ltr'>Παύλου</span> <span class='ocrx_word' id='word_1_137' title='bbox 615 1931 687 1969; x_wconf 91' lang='grc' dir='ltr'>τοῦ</span> <span class='ocrx_word' id='word_1_138' title='bbox 701 1927 916 1981; x_wconf 89' lang='grc' dir='ltr'>Ῥωμαίων</span> <span class='ocrx_word' id='word_1_139' title='bbox 933 1934 1186 1985; x_wconf 67' lang='grc' dir='ltr'>στρατηγοῦ,</span> <span class='ocrx_word' id='word_1_140' title='bbox 1204 1929 1464 1982; x_wconf 88' lang='grc' dir='ltr'>βουλόμενος</span> <span class='ocrx_word' id='word_1_141' title='bbox 1479 1932 1528 1983; x_wconf 78' lang='grc' dir='ltr'>τῇ</span> <span class='ocrx_word' id='word_1_142' title='bbox 1544 1925 1834 1983; x_wconf 62' lang='grc' dir='ltr'>μεγαλουργία</span> 
     </span>
     <span class='ocr_line' id='line_1_22' title="bbox 419 2004 1833 2062; baseline 0.001 -16"><span class='ocrx_word' id='word_1_143' title='bbox 419 2007 503 2055; x_wconf 77' lang='grc' dir='ltr'>τῆς</span> <span class='ocrx_word' id='word_1_144' title='bbox 534 2004 687 2059; x_wconf 84' lang='grc' dir='ltr'>δωρεᾶς</span> <span class='ocrx_word' id='word_1_145' title='bbox 720 2006 924 2062; x_wconf 83' lang='grc' dir='ltr'>ὑπερᾶραι</span> <span class='ocrx_word' id='word_1_146' title='bbox 956 2007 1028 2049; x_wconf 85' lang='grc' dir='ltr'>τὸν</span> <span class='ocrx_word' id='word_1_147' title='bbox 1059 2009 1247 2054; x_wconf 82' lang='grc' dir='ltr'>Παῦλον,</span> <span class='ocrx_word' id='word_1_148' title='bbox 1281 2007 1494 2062; x_wconf 73' lang='grc' dir='ltr'>ἐξέπεμψε</span> <span class='ocrx_word' id='word_1_149' title='bbox 1526 2005 1730 2060; x_wconf 80' lang='grc' dir='ltr'>πρέσβεις</span> <span class='ocrx_word' id='word_1_150' title='bbox 1763 2004 1833 2045; x_wconf 82' lang='grc' dir='ltr'>καὶ</span> 
     </span>
     <span class='ocr_line' id='line_1_23' title="bbox 421 2081 1833 2138; baseline 0.001 -14"><span class='ocrx_word' id='word_1_151' title='bbox 421 2082 598 2137; x_wconf 79' lang='grc' dir='ltr'>θεωροὺς</span> <span class='ocrx_word' id='word_1_152' title='bbox 647 2082 702 2126; x_wconf 86' lang='grc' dir='ltr'>εἰς</span> <span class='ocrx_word' id='word_1_153' title='bbox 750 2083 824 2127; x_wconf 80' lang='grc' dir='ltr'>τὰς</span> <span class='ocrx_word' id='word_1_154' title='bbox 872 2084 1018 2129; x_wconf 87' lang='grc' dir='ltr'>πόλεις</span> <span class='ocrx_word' id='word_1_155' title='bbox 1059 2089 1428 2138; x_wconf 57' lang='grc' dir='ltr'>καταγγελοῦντας</span> <span class='ocrx_word' id='word_1_156' title='bbox 1472 2083 1566 2127; x_wconf 82' lang='grc' dir='ltr'>τοὺς</span> <span class='ocrx_word' id='word_1_157' title='bbox 1615 2081 1833 2135; x_wconf 84' lang='grc' dir='ltr'>ἐσομένους</span> 
     </span>
     <span class='ocr_line' id='line_1_24' title="bbox 421 2159 1833 2218; baseline -0.001 -17"><span class='ocrx_word' id='word_1_158' title='bbox 421 2162 586 2214; x_wconf 67' lang='grc' dir='ltr'>ἀγῶνας</span> <span class='ocrx_word' id='word_1_159' title='bbox 627 2161 697 2202; x_wconf 82' lang='grc' dir='ltr'>ὑπ’</span> <span class='ocrx_word' id='word_1_160' title='bbox 737 2163 865 2203; x_wconf 83' lang='grc' dir='ltr'>αὐτοῦ</span> <span class='ocrx_word' id='word_1_161' title='bbox 905 2163 976 2204; x_wconf 87' lang='grc' dir='ltr'>ἐπὶ</span> <span class='ocrx_word' id='word_1_162' title='bbox 1016 2164 1200 2218; x_wconf 83' lang='grc' dir='ltr'>Δάφνης,</span> <span class='ocrx_word' id='word_1_163' title='bbox 1237 2165 1289 2207; x_wconf 83' lang='grc' dir='ltr'>ὡς</span> <span class='ocrx_word' id='word_1_164' title='bbox 1321 2162 1492 2214; x_wconf 80' lang='grc' dir='ltr'>πολλὴν</span> <span class='ocrx_word' id='word_1_165' title='bbox 1523 2159 1719 2214; x_wconf 67' lang='grc' dir='ltr'>Γγενέσθαι</span> <span class='ocrx_word' id='word_1_166' title='bbox 1751 2161 1833 2200; x_wconf 89' lang='grc' dir='ltr'>τῶν</span> 
     </span>
     <span class='ocr_line' id='line_1_25' title="bbox 421 2235 1830 2294; baseline -0.001 -15"><span class='ocrx_word' id='word_1_167' title='bbox 421 2239 641 2291; x_wconf 85' lang='grc' dir='ltr'>Ἑλλήνων</span> <span class='ocrx_word' id='word_1_168' title='bbox 680 2238 870 2292; x_wconf 85' lang='grc' dir='ltr'>σπουδὴν</span> <span class='ocrx_word' id='word_1_169' title='bbox 910 2241 966 2285; x_wconf 78' lang='grc' dir='ltr'>εἰς</span> <span class='ocrx_word' id='word_1_170' title='bbox 1006 2240 1082 2293; x_wconf 82' lang='grc' dir='ltr'>τὴν</span> <span class='ocrx_word' id='word_1_171' title='bbox 1123 2242 1174 2285; x_wconf 84' lang='grc' dir='ltr'>ὡς</span> <span class='ocrx_word' id='word_1_172' title='bbox 1215 2239 1343 2282; x_wconf 81' lang='grc' dir='ltr'>αὐτὸν</span> <span class='ocrx_word' id='word_1_173' title='bbox 1383 2239 1541 2294; x_wconf 74' lang='grc' dir='ltr'>ἄφιξιν.</span> <span class='ocrx_word' id='word_1_174' title='bbox 1612 2236 1750 2292; x_wconf 81' lang='grc' dir='ltr'>ἀρχὴν</span> <span class='ocrx_word' id='word_1_175' title='bbox 1799 2235 1830 2276; x_wconf 86' lang='grc' dir='ltr'>δ’</span> 
     </span>
     <span class='ocr_line' id='line_1_26' title="bbox 420 2316 1830 2373; baseline -0.003 -15"><span class='ocrx_word' id='word_1_176' title='bbox 420 2316 651 2369; x_wconf 85' lang='grc' dir='ltr'>ἐποιήσατο</span> <span class='ocrx_word' id='word_1_177' title='bbox 684 2321 757 2370; x_wconf 83' lang='grc' dir='ltr'>τῆς</span> <span class='ocrx_word' id='word_1_178' title='bbox 789 2318 1058 2373; x_wconf 69' lang='grc' dir='ltr'>πανηγύρεως</span> <span class='ocrx_word' id='word_1_179' title='bbox 1089 2317 1165 2370; x_wconf 82' lang='grc' dir='ltr'>τὴν</span> <span class='ocrx_word' id='word_1_180' title='bbox 1196 2316 1420 2371; x_wconf 87' lang='grc' dir='ltr'>πομπείαν,</span> <span class='ocrx_word' id='word_1_181' title='bbox 1454 2317 1583 2360; x_wconf 82' lang='grc' dir='ltr'>οὕτως</span> <span class='ocrx_word' id='word_1_182' title='bbox 1615 2316 1830 2356; x_wconf 86' lang='grc' dir='ltr'>ἐπιτελεσ-</span> 
     </span>
     <span class='ocr_line' id='line_1_27' title="bbox 422 2389 1832 2450; baseline -0.004 -14"><span class='ocrx_word' id='word_1_183' title='bbox 422 2396 579 2436; x_wconf 85' lang='grc' dir='ltr'>θεῖσαν.</span> <span class='ocrx_word' id='word_1_184' title='bbox 640 2395 902 2449; x_wconf 75' lang='grc' dir='ltr'>καθηὙοῦντό</span> <span class='ocrx_word' id='word_1_185' title='bbox 932 2413 1038 2440; x_wconf 84' lang='grc' dir='ltr'>τινες</span> <span class='ocrx_word' id='word_1_186' title='bbox 1072 2394 1304 2448; x_wconf 79' lang='grc' dir='ltr'>Ῥωμαϊκὸν</span> <span class='ocrx_word' id='word_1_187' title='bbox 1335 2394 1502 2450; x_wconf 78' lang='grc' dir='ltr'>ἔχοντες</span> <span class='ocrx_word' id='word_1_188' title='bbox 1533 2389 1832 2443; x_wconf 82' lang='grc' dir='ltr'>καθοπλισμὸν</span> 
     </span>
     <span class='ocr_line' id='line_1_28' title="bbox 420 2466 1832 2527; baseline -0.004 -14"><span class='ocrx_word' id='word_1_189' title='bbox 420 2474 462 2513; x_wconf 82' lang='grc' dir='ltr'>ἐν</span> <span class='ocrx_word' id='word_1_190' title='bbox 499 2472 681 2527; x_wconf 80' lang='grc' dir='ltr'>θώραξιν</span> <span class='ocrx_word' id='word_1_191' title='bbox 715 2472 1006 2519; x_wconf 81' lang='grc' dir='ltr'>ἀλυσιδωτοῖς,</span> <span class='ocrx_word' id='word_1_192' title='bbox 1043 2471 1186 2527; x_wconf 81' lang='grc' dir='ltr'>ἄνδρες</span> <span class='ocrx_word' id='word_1_193' title='bbox 1226 2472 1480 2526; x_wconf 82' lang='grc' dir='ltr'>ἀκμάζοντες</span> <span class='ocrx_word' id='word_1_194' title='bbox 1519 2474 1609 2514; x_wconf 77' lang='grc' dir='ltr'>ταῖς·</span> <span class='ocrx_word' id='word_1_195' title='bbox 1649 2466 1832 2520; x_wconf 86' lang='grc' dir='ltr'>ἡλικίαις</span> 
     </span>
     <span class='ocr_line' id='line_1_29' title="bbox 419 2547 1832 2605; baseline -0.001 -15"><span class='ocrx_word' id='word_1_196' title='bbox 419 2549 779 2605; x_wconf 84' lang='grc' dir='ltr'>πεντακισχίλιοι·</span> <span class='ocrx_word' id='word_1_197' title='bbox 818 2550 907 2603; x_wconf 88' lang='grc' dir='ltr'>μεθ’</span> <span class='ocrx_word' id='word_1_198' title='bbox 939 2551 1007 2594; x_wconf 79' lang='grc' dir='ltr'>οὓς</span> <span class='ocrx_word' id='word_1_199' title='bbox 1042 2549 1188 2590; x_wconf 68' lang='lat' dir='ltr'><em>Mvooz</em></span> <span class='ocrx_word' id='word_1_200' title='bbox 1223 2547 1581 2604; x_wconf 83' lang='grc' dir='ltr'>πεντακισχίλιοι.</span> <span class='ocrx_word' id='word_1_201' title='bbox 1641 2547 1832 2600; x_wconf 83' lang='grc' dir='ltr'>συνεχεῖς</span> 
     </span>
    </p>
   </div>
   <div class='ocr_carea' id='block_1_8' title="bbox 421 2621 1832 2681">
    <p class='ocr_par' dir='ltr' id='par_1_8' title="bbox 421 2621 1832 2681">
     <span class='ocr_line' id='line_1_30' title="bbox 421 2621 1832 2681; baseline -0.004 -14"><span class='ocrx_word' id='word_1_202' title='bbox 421 2627 453 2668; x_wconf 75' lang='grc' dir='ltr'>δ’</span> <span class='ocrx_word' id='word_1_203' title='bbox 477 2627 586 2679; x_wconf 80' lang='grc' dir='ltr'>ἦσαν</span> <span class='ocrx_word' id='word_1_204' title='bbox 608 2626 781 2672; x_wconf 81' lang='grc' dir='ltr'>Κίλικες</span> <span class='ocrx_word' id='word_1_205' title='bbox 802 2627 857 2672; x_wconf 83' lang='grc' dir='ltr'>εἷς</span> <span class='ocrx_word' id='word_1_206' title='bbox 887 2626 960 2669; x_wconf 84' lang='grc' dir='ltr'>τὸν</span> <span class='ocrx_word' id='word_1_207' title='bbox 988 2629 1070 2669; x_wconf 86' lang='grc' dir='ltr'>τῶν</span> <span class='ocrx_word' id='word_1_208' title='bbox 1100 2626 1285 2677; x_wconf 82' lang='grc' dir='ltr'>εὐζώνων</span> <span class='ocrx_word' id='word_1_209' title='bbox 1306 2625 1463 2681; x_wconf 87' lang='grc' dir='ltr'>τρόπον</span> <span class='ocrx_word' id='word_1_210' title='bbox 1485 2621 1832 2675; x_wconf 86' lang='grc' dir='ltr'>καθωπλισμένοι</span> 
     </span>
    </p>
   </div>
  </div>
 </body>
</html>
