1980 3290
372 263 461 312 244
521 264 933 312 MONUMENTA
974 264 1322 312 HISTORIOA
1365 264 1630 312 CELTIOA

366 391 541 447 πορείαν
563 392 745 447 θόρυβος
766 393 813 446 ἐξ
831 393 990 448 ἀμφοῖν
1010 393 1160 446 ηὔξετο
1183 392 1251 435 διὰ
1273 392 1349 445 τὴν
1370 395 1453 434 τῶν
1473 392 1781 448 προειρημένων

364 470 551 525 κραυγὴν
582 471 651 512 καὶ
681 470 953 524 συμπλοκήν.
1013 471 1102 513 ἐπεὶ
1134 470 1176 512 δὲ
1207 470 1303 515 τοὺς
1332 470 1407 524 μὲν
1437 469 1668 515 πλείστους
1697 473 1781 513 τῶν

362 547 667 603 Ἀλλοβρίγων
682 548 911 596 ἀπέκτεινε,
928 548 1024 593 τοὺς
1039 548 1081 590 δὲ
1093 548 1270 593 λοιποὺς
1286 549 1550 604 τρεψάμενος
1563 548 1781 602 ἠνάγκασε

366 629 514 680 φυγεῖν
544 626 599 671 εἰς
629 625 706 678 τὴν
737 625 904 674 οἰκείαν,
937 626 1033 668 τότε
1069 626 1118 680 δὴ
1148 626 1195 668 τὸ
1229 626 1304 680 μὲν
1337 626 1398 668 ἔτι
1433 625 1780 682 περιλειπόμενον

365 705 529 756 πλῆθος
550 707 634 746 τῶν
656 703 895 758 ὑποζυγίων
916 705 986 746 καὶ
1008 707 1092 747 τῶν
1114 705 1257 747 ἵππων
1272 703 1395 758 μόλις
1412 704 1482 746 καὶ
1500 705 1781 760 ταλαιπώρως

364 781 503 834 διήνυε
523 781 597 826 τὰς
619 781 872 838 δυσχωρίας,
906 782 1031 827 αὐτὸς
1062 782 1104 824 δὲ
1135 781 1421 838 συναθροίσας
1451 782 1576 827 ὅσους
1597 782 1778 835 ἠδύνατο

364 859 594 905 πλείστους
614 861 660 902 ἐκ
681 865 754 902 τοῦ
776 860 967 902 κινδύνου
997 860 1248 916 προσέβαλε
1277 860 1381 916 πρὸς
1412 860 1487 913 τὴν
1517 859 1646 903 πόλιν
1666 861 1713 913 ἐξ
1732 862 1779 914 ἦς

364 938 620 991 ἐποιήσαντο
651 938 727 992 τὴν
760 937 890 994 ὁρμὴν
921 939 960 980 οἱ
991 938 1199 993 πολέμιοι,
1243 939 1506 989 καταλαβὼν
1547 938 1590 980 δὲ
1622 937 1778 995 σχεδὸν

361 1018 513 1072 ἔρημον
534 1017 601 1059 διὰ
618 1017 664 1059 τὸ
685 1019 850 1062 πάντας
864 1018 1120 1070 ἐκκληθῆναι
1134 1017 1239 1073 πρὸς
1253 1017 1327 1062 τὰς
1345 1016 1549 1072 ὠφελείας
1570 1017 1776 1072 ἐγκρατὴς

363 1096 523 1149 ἐγένετο
563 1099 637 1149 τῆς
676 1096 853 1141 πόλεως·
933 1097 979 1138 ἐκ
1020 1095 1062 1138 δὲ
1102 1096 1254 1138 τούτου
1302 1095 1450 1138 πολλὰ
1491 1095 1652 1147 συνέβη
1692 1097 1777 1137 τῶν

360 1173 583 1231 χρησίμων
623 1175 738 1231 αὐτῷ
773 1173 878 1229 πρός
918 1192 962 1216 τε
1002 1173 1049 1216 τὸ
1089 1174 1226 1230 παρὸν
1258 1174 1329 1216 καὶ
1369 1173 1473 1230 πρὸς
1509 1173 1557 1216 τὸ
1596 1173 1772 1228 μέλλον·

361 1252 605 1308 παραυτίκα
624 1253 699 1306 μὲν
719 1252 801 1308 γὰρ
822 1251 1049 1305 ἐκομίσατο
1081 1253 1246 1306 πλῆθος
1278 1252 1421 1295 ἵππων
1443 1253 1513 1294 καὶ
1537 1250 1775 1305 ὑποζυγίων

363 1332 433 1374 καὶ
463 1334 547 1374 τῶν
577 1331 665 1385 ἅμα
694 1331 855 1376 τούτοις
886 1330 1135 1373 ἑαλωκότων
1165 1331 1338 1386 ἀνδρῶν,
1372 1331 1427 1376 εἰς
1458 1331 1501 1372 δὲ
1531 1330 1578 1372 τὸ
1616 1330 1776 1384 μέλλον

361 1411 464 1466 ἔσχε
491 1410 565 1463 μὲν
601 1410 670 1452 καὶ
703 1408 826 1451 σίτου
861 1409 932 1451 καὶ
974 1410 1221 1464 θρεμμάτων
1262 1410 1331 1452 ἐπὶ
1374 1409 1486 1452 δυεῖν
1526 1409 1595 1451 καὶ
1636 1408 1776 1464 τρισὶν

361 1487 529 1544 ἡμέραις
564 1487 776 1543 εὐπορίαν,
814 1487 862 1529 τὸ
898 1487 940 1529 δὲ
976 1487 1170 1543 συνέχον,
1209 1487 1349 1543 φόβον
1382 1489 1656 1543 ἐνειργάσατο
1689 1489 1775 1531 τοῖς

359 1568 453 1620 ἑξῆς
473 1566 577 1622 πρὸς
599 1565 646 1608 τὸ
675 1566 732 1620 μὴ
754 1569 918 1620 τολμᾶν
949 1567 1062 1621 αὐτῷ
1092 1565 1245 1624 ῥαδίως
1276 1567 1478 1623 ἐγχειρεῖν
1505 1565 1663 1620 μηδένα
1692 1567 1776 1607 τῶν

360 1645 679 1701 παρακειμένων
700 1648 790 1689 ταῖς
811 1645 1061 1695 ἀναβολαῖς.

1469 1703 1534 1746 (111.
1555 1703 1626 1746 51.)

447 1805 561 1845 XLI.
595 1802 700 1846 Τότε
719 1803 793 1857 μὲν
815 1803 887 1845 οὖν
909 1802 1039 1844 αὐτοῦ
1059 1801 1344 1856 ποιησάμενος
1374 1802 1450 1855 τὴν
1477 1800 1770 1857 παρεμβολήν,

359 1882 429 1924 καὶ
449 1881 550 1936 μίαν
580 1880 792 1936 ἐπιμείνας
822 1880 991 1936 ἡμέραν,
1015 1880 1133 1925 αὖθις
1164 1880 1295 1936 ὥρμα·
1337 1884 1427 1925 ταῖς
1458 1880 1491 1921 δ’
1526 1881 1618 1933 ἑξῆς
1647 1879 1774 1936 μέχρι

358 1961 432 2013 μέν
453 1978 563 2005 τινος
583 1961 793 2016 ἀσφαλῶς
815 1959 930 2013 διῆγε
951 1959 1026 2012 τὴν
1048 1958 1267 2014 στρατιάν,
1291 1958 1368 2012 ἤδη
1391 1958 1434 2000 δὲ
1450 1962 1693 2014 τεταρταῖος
1715 1957 1771 2000 ὢν

358 2039 476 2084 αὖθις
507 2039 562 2083 εἰς
593 2039 806 2083 κινδύνους
836 2037 1088 2093 παρεγένετο
1117 2039 1339 2091 μεγάλους.
1400 2037 1439 2079 οἱ
1468 2037 1551 2092 γὰρ
1578 2037 1673 2092 περὶ
1695 2036 1770 2090 τὴν

357 2116 494 2159 δίοδον
515 2117 734 2164 οἰκοῦντες,
758 2116 1133 2171 συμφρονήσαντες
1164 2116 1233 2158 ἐπὶ
1266 2115 1389 2171 δόλῳ,
1413 2115 1631 2168 συνήντων
1653 2115 1768 2170 αὐτῷ

357 2195 542 2240 θαλλοὺς
576 2195 744 2251 ἔχοντες
783 2195 854 2236 καὶ
894 2195 1143 2249 στεφάνους·
1184 2197 1307 2236 τοῦτο
1346 2193 1428 2249 γὰρ
1461 2193 1618 2250 σχεδὸν
1657 2197 1768 2236 πᾶσι

356 2277 441 2318 τοῖς
460 2273 703 2329 βαρβάροις
723 2273 816 2315 ἐστὶ
838 2272 1033 2326 σύνθημα
1058 2271 1214 2327 φιλίας,
1247 2272 1441 2328 καθάπερ
1472 2272 1519 2314 τὸ
1550 2272 1766 2328 κηρύκειον

355 2355 442 2396 τοῖς
462 2350 693 2404 ’Έλλησιω
754 2351 950 2402 εὐλαβῶς
981 2350 1024 2392 δὲ
1055 2349 1309 2404 διακείμενος
1339 2350 1444 2406 πρὸς
1470 2350 1547 2404 τὴν
1568 2350 1766 2403 τοιαύτην

353 2423 502 2466 πίστιν
523 2423 726 2474 Ἀννίβας
747 2423 927 2477 ἐξήτασε
948 2422 1181 2478 φιλοτίμως
1211 2423 1287 2476 τὴν
1317 2422 1505 2466 ἐπίνοιαν
1535 2423 1674 2466 αὐτῶν
1695 2423 1766 2466 καὶ
